2856 4852
215 231 281 299 694
664 231 797 288 Alfredos
816 232 937 289 Carolus:

216 393 289 483 39);
312 419 401 476 quern
424 399 553 460 scribere
575 399 721 477 incipiens
746 399 922 476 pronuntiat
946 391 1023 480 (cap.
1049 391 1084 482 2)
1114 417 1182 458 cum
1209 399 1247 458 iis
1278 418 1311 459 se
1338 419 1384 461 non

215 509 320 568 agere,
338 489 391 567 qui
408 488 506 548 fatum
525 508 589 549 esse
608 508 731 566 prorsus
750 492 862 566 negent
883 488 936 548 sed
959 489 1068 548 horum
1094 507 1126 547 se
1144 488 1295 549 rationem
1313 488 1384 551 habi·
1424 483 1427 509 ¹

215 582 318 638 turum
337 597 411 653 esse,
430 578 482 656 qui
500 579 601 640 omnia
620 577 782 639 secundum
801 577 898 637 fatum
913 576 979 637 fieri
994 575 1185 637 contendant.
1217 576 1328 636 deinde
1342 596 1383 638 sua

216 668 388 728 summatim
403 667 539 745 exposita
552 668 687 728 doctrina
702 659 800 749 (capp.
816 659 918 747 3-6)
934 666 1177 726 adversariorum
1195 665 1335 743 singulas
1348 666 1384 727 da
1426 661 1428 702 ²

217 757 322 817 scribit
349 760 380 817 et
406 756 565 833 impugnat
591 756 757 817 sententias
783 750 881 834 (capp.
903 748 1051 836 7-38),
1080 756 1193 815 sedicet
1217 756 1385 831 Stoicorum,

215 865 343 923 quorum
361 846 483 906 nomina
501 865 649 923 nusquam
673 843 769 905 addit:
795 849 896 905 temen
920 843 1002 905 docti
1020 863 1080 905 non
1103 844 1321 905 dubitaverunt
1338 845 1386 922 ipsi

216 934 387 1012 Chrysippo
407 953 442 994 ea
459 933 606 1010 tribuere,
621 936 705 995 cuius
726 937 758 994 et
776 933 942 994 sententiae
960 936 1032 994 sunt
1050 937 1081 994 et
1098 934 1176 993 ratio
1195 933 1387 995 conclusionis

216 1024 296 1084 inest
313 1025 436 1102 logicae.
469 1024 547 1084 hanc
564 1025 692 1085 formam
711 1022 907 1083 concludendi
922 1023 1048 1101 agnovit
1062 1023 1160 1082 Zeller
1174 1015 1233 1082 1v³
1249 1025 1314 1084 167
1331 1023 1387 1084 edu.

217 1115 317 1188 3-53
337 1113 374 1174 cf.
393 1132 468 1189 quae
488 1112 525 1172 de
544 1112 648 1173 ecdem
667 1132 724 1173 usu
744 1113 904 1189 disputabo
919 1133 947 1188 p.
964 1113 1028 1172 704
1041 1130 1083 1189 sq.
1104 1113 1275 1172 sententiae
1295 1128 1388 1177 omues

216 1203 280 1262 fere
304 1201 409 1262 alienis
432 1202 614 1263 testimoniis
638 1201 864 1278 confirmantur,
887 1200 918 1259 id
942 1198 1023 1277 quod
1044 1201 1286 1280 fragmentorum
1306 1221 1323 1261 e
1343 1203 1391 1262 col·

216 1291 344 1351 lectione
372 1291 460 1350 facile
489 1291 655 1368 apparebit.
698 1291 833 1367 exempla
856 1289 977 1366 lapidis,
1007 1287 1180 1367 OedipodiS,
1203 1290 1265 1350 alia
1293 1308 1389 1351 rursus

216 1380 418 1457 reperiuntur,
438 1380 567 1440 mundus
587 1380 698 1440 animal
720 1380 848 1457 fingitur
871 1378 1007 1455 cogitans
1031 1369 1103 1460 (ing.
1126 1382 1165 1438 72
1189 1380 1255 1439 init.
1276 1380 1314 1440 cf.
1335 1399 1391 1440 cun

216 1470 296 1547 frgg.
316 1472 335 1530 9
356 1471 387 1528 et
408 1459 478 1550 10),
498 1469 658 1546 expellitur
677 1463 799 1544 ἀνάγκη
818 1469 967 1528 retinetur
991 1462 1161 1544 εἱμαρμένη
1186 1460 1258 1550 (frg.
1280 1471 1348 1528 114
1365 1468 1391 1528 ci

217 1578 284 1619 cum
307 1559 365 1635 frg.
390 1548 484 1638 144);
510 1561 644 1618 ceterum
666 1558 698 1617 in
725 1577 842 1617 summa
865 1557 1002 1618 doctrina
1024 1560 1056 1616 et
1078 1559 1176 1617 fatum
1198 1560 1229 1616 et
1257 1559 1391 1618 voluntas

217 1648 372 1706 hominum
392 1646 603 1724 defenduntur,
622 1648 682 1707 duo
702 1666 814 1724 genera
833 1665 1005 1720 causarum,
1025 1640 1246 1718 ευγκατάθεειτ
1271 1648 1336 1706 alia
1354 1666 1391 1706 ex·

217 1737 376 1812 plicantur.
401 1736 539 1796 dubitare
550 1735 576 1796 si
585 1736 715 1796 nondum
728 1736 853 1811 desiisti,
864 1734 937 1796 audi
945 1734 1022 1812 legis
1033 1734 1235 1795 definitionem
1245 1728 1320 1816 (fig.
1330 1728 1392 1818 bil:

218 1826 306 1884 silex
324 1828 380 1902 est,
399 1828 446 1885 est
461 1824 553 1885 etiam
567 1820 665 1897 λόγος
680 1818 777 1908 ὀρθὸς
792 1813 1020 1899 προετακτιιιὸι
1038 1821 1095 1900 μὲν
1110 1818 1157 1885 ὧν
1171 1821 1330 1899 ποιητέον
1344 1818 1392 1885 ἀπ·

218 1909 424 1988 αγορευτικὸτ
445 1910 481 1974 δὲ
506 1907 553 1975 ὧν
572 1909 611 1974 οὐ
631 1911 797 1989 ποιητέον,
818 1915 867 1974 vel
887 1913 1039 1975 similiter:
1065 1908 1097 1972 οἱ
1115 1910 1173 1988 μὲν
1192 1909 1286 1989 νόμοι
1306 1929 1393 1989 upot-

218 1999 357 2064 τακτικοὶ
379 2000 443 2077 μέν
464 1998 540 2063 εἰςιν
563 2002 629 2064 τῶν
652 2001 814 2078 ποιητέων
833 1997 1081 2076 ἀπαγορευτικοὶ
1108 1999 1143 2062 δὲ
1163 2001 1230 2063 τῶν
1249 1998 1288 2063 οὐ
1309 2020 1393 2077 ποιη-

145 2106 147 2110 ⁴
218 2089 315 2168 τέων,
335 2095 426 2168 atque
445 2111 512 2152 cum
530 2092 585 2152 hac
603 2092 687 2152 illam
707 2093 809 2153 confer
828 2111 918 2170 quam
937 2112 1005 2152 cum
1023 2091 1144 2151 nomine
1158 2090 1323 2169 Chrysippi
1342 2111 1395 2152 ser·

218 2181 303 2242 ravit
320 2180 489 2241 Marcianus
510 2173 728 2262 (Digest.13‚
749 2174 797 2261 2):
822 2176 935 2260 [λόγος
958 2176 1070 2258 ὀρθὸς]
1090 2177 1319 2255 προετακτικὸ(
1343 2177 1394 2256 μὲν

218 2269 285 2330 τῶν
309 2266 470 2344 ποιητέων
493 2263 747 2344 ἀπαγορευτικὸς
771 2266 806 2329 δὲ
830 2269 897 2331 τῶν
921 2266 961 2331 οὐ
983 2266 1153 2345 ποιητέων.
1196 2289 1244 2329 τοι
1264 2271 1394 2331 confecta

219 2362 278 2418 est:
297 2377 501 2436 quaecumque
514 2358 686 2419 Alexander
703 2359 883 2420 adversariis
899 2359 1031 2420 vindicat
1045 2358 1215 2435 Chrysippo
1235 2359 1392 2436 debentne

170 2476 173 2481 ·
219 2451 321 2507 tamen
334 2447 500 2509 carendum
513 2450 568 2522 est,
582 2467 620 2507 ne
635 2447 735 2507 omnia
748 2447 795 2507 illi
808 2448 958 2524 imputata
972 2448 1134 2526 genuinam
1147 2449 1275 2525 prodere
1291 2448 1394 2510 doctri·

218 2556 289 2597 nam
302 2537 478 2613 iudicemus,
497 2537 639 2614 quoniam
654 2555 714 2596 non
727 2536 829 2597 nullae
843 2538 1010 2598 sententiae
1024 2537 1099 2598 adeo
1114 2537 1250 2599 detortae
1265 2541 1347 2616 sunt,
1364 2540 1393 2596 ut

219 2625 252 2684 in
269 2626 451 2686 contrariam
464 2625 528 2686 fere
546 2629 664 2703 partem
678 2644 781 2687 versas
800 2627 996 2688 inveniamus.
1030 2627 1105 2688 haec
1122 2628 1303 2705 fragmenta,
1324 2644 1392 2705 quac

220 2735 307 2775 cruce
325 2715 441 2791 notavi,
460 2715 636 2792 plerumque
655 2715 802 2775 similibus
822 2717 949 2776 aliorum
969 2718 1124 2777 auctorum
1144 2719 1197 2777 aut
1215 2716 1311 2793 ipsius
1332 2717 1392 2776 Ale·

220 2803 327 2864 xandri
345 2805 539 2882 corriguntur
557 2807 611 2864 aut
628 2804 786 2865 contrariis
805 2805 940 2866 funditus
960 2805 1148 2866 refelluntur.

309 2893 378 2953 Una
399 2911 470 2954 vero
494 2891 630 2952 dochino
653 2894 751 2952 adhuc
773 2893 879 2970 ignota
900 2895 992 2954 nullis
1017 2894 1080 2954 fere
1099 2892 1282 2954 testimoniis
1301 2893 1393 2952 firma

220 2985 284 3042 tur:
306 2984 408 3041 tamen
431 2980 636 3041 addubitanda
658 3000 719 3041 non
737 2984 784 3042 est
802 2982 839 3042 of.
857 3003 886 3059 p.
908 2984 970 3043 699
983 3002 1027 3059 sq.
1064 2983 1203 3042 versatur
1221 2999 1257 3040 ea
1275 2982 1309 3040 in
1329 2981 1394 3042 edu·

122 3099 125 3103 ⁷
220 3071 337 3131 catione
355 3090 531 3148 puerorum,
554 3070 592 3130 de
615 3088 674 3147 qua
694 3089 791 3147 pauca
808 3070 939 3148 viliaque
957 3070 1083 3131 tradidit
1101 3069 1305 3141 Quintilianus
1324 3089 1394 3149 quae

221 3162 260 3220 ab
278 3159 449 3219 Alexandro
468 3178 507 3219 ne
525 3156 728 3236 respiciuntur
746 3159 867 3236 quidem
886 3179 1068 3237 quamquam
1083 3178 1119 3219 ea
1136 3178 1255 3236 quoque
1271 3160 1394 3220 Alexan·

222 3249 268 3307 dri
282 3248 461 3327 fragmentis
477 3239 571 3330 (frgg.
588 3251 691 3309 128—
700 3241 778 3329 140)
792 3248 892 3325 aliquo
908 3249 995 3309 modo
1009 3250 1217 3326 illustrantur.
1241 3253 1395 3325 praeterea

197 3373 200 3380 ·
222 3338 270 3397 his
288 3337 364 3414 ipsis
384 3337 505 3416 egregie
524 3339 673 3412 docemur,
692 3337 764 3414 quid
778 3336 815 3397 de
830 3343 938 3399 natura
951 3338 1106 3398 hominum
1120 3341 1152 3398 et
1165 3338 1289 3397 deorum
1304 3339 1395 3417 deque
1427 3367 1428 3376 ι

222 3427 329 3487 morali
348 3446 452 3488 eorum
470 3427 698 3502 constitutione,
721 3427 758 3486 de
781 3427 926 3487 facultate
943 3427 1085 3504 peccandi
1108 3427 1236 3502 denique
1255 3428 1292 3487 de
1311 3427 1395 3487 laude
1427 3427 1428 3434 ’

161 3583 166 3591 ,
221 3515 445 3592 vituperatione
463 3515 661 3575 admiratione
679 3515 837 3576 censuerit.

311 3605 347 3664 In
366 3605 462 3664 altero
481 3600 554 3679 περὶ
569 3604 674 3680 ψυχῆς
692 3604 771 3664 libro
786 3604 912 3664 eundem
927 3602 1128 3681 Chrysippum
1144 3623 1211 3664 cum
1226 3603 1299 3663 alibi
1318 3624 1395 3682 spar·

222 3694 280 3754 sim
293 3694 472 3772 impugnare
486 3693 606 3753 ridetur
620 3697 685 3753 tum
699 3694 731 3752 in
744 3712 779 3753 eo
793 3693 891 3770 capite
906 3693 986 3770 quod
1001 3694 1033 3753 in
1046 3694 1158 3754 Aldina
1173 3687 1215 3772 (p.
1232 3694 1326 3754 1591)
1343 3689 1396 3774 sq.)

223 3783 397 3843 inscribitur
408 3781 476 3842 τῶν
490 3778 578 3856 παρὰ
595 3775 831 3858 Ἀριιτοτέλου(
845 3779 918 3857 περὶ
931 3782 990 3843 τοῦ
1009 3775 1070 3859 ἐφ’
1087 3779 1171 3859 ἡμῖν.
1208 3786 1241 3842 at
1259 3786 1397 3860 quoniam

223 3875 369 3949 quantum
393 3869 563 3948 Chrysippo
591 3872 736 3932 debeatur
763 3871 883 3932 difficile
912 3875 959 3932 est
983 3873 1131 3947 iudicatu,
1158 3890 1255 3949 pauca
1281 3876 1396 3934 tantun

222 3960 311 4038 quasi
328 3959 490 4038 specimina
508 3960 603 4020 electa
620 3960 700 4020 inter
718 3961 889 4038 fragmenta
907 3961 1016 4038 recepi.

312 4049 357 4108 De
379 4048 418 4108 iis
440 4048 588 4124 fontibus,
611 4049 663 4127 qni
685 4049 805 4126 singula
826 4052 944 4110 tantum
967 4051 1139 4128 fragmenta
1159 4050 1308 4127 praebent
1332 4070 1396 4111 cum

224 4139 352 4199 aliorum
370 4141 526 4198 auctorum
543 4142 610 4198 tum
624 4138 823 4216 Chrysippea,
841 4140 937 4201 ueluti
954 4139 1174 4215 placitorum
1195 4138 1396 4215 scriptores

223 4219 274 4309 (de
292 4228 377 4288 fonte
395 4229 523 4304 quodam
538 4228 619 4288 Aetii
634 4227 670 4288 cf.
684 4227 768 4288 Diels
782 4225 838 4287 DC
856 4249 886 4305 p.
902 4219 981 4309 178)
1001 4231 1032 4288 et
1050 4229 1218 4288 Senecam
1236 4247 1297 4287 non
1315 4230 1396 4288 nulla

222 4317 309 4378 nobis
327 4334 463 4378 servasse
476 4320 580 4378 notum
595 4319 650 4391 est,
669 4318 744 4376 nihil
764 4318 860 4377 dicam
872 4318 931 4377 nisi
944 4337 1054 4393 magna
1073 4336 1148 4393 opus
1163 4334 1228 4377 esse
1247 4319 1394 4392 cautione;

224 4426 302 4466 nunc
321 4406 462 4484 qnoniam
481 4406 633 4485 deprimo
652 4406 780 4483 quodam
800 4425 902 4467 eorum
920 4406 1003 4467 fonte
1021 4406 1139 4484 agimus
1157 4406 1314 4482 propiores
1334 4408 1395 4468 iure
