2856 4852
599 237 730 297 Alfredus
749 237 869 295 stercker

236 409 317 469 Plut.
336 409 373 469 de
391 429 452 486 rep.
472 409 562 469 Stoic.
583 410 623 467 47
644 397 687 484 (p.
708 398 845 490 1056Β)
936 403 1118 483 Χρύειπποε
1141 402 1207 467 οὐκ
1225 403 1276 467 αὐτ
1308 406 1310 421 “
1330 424 1336 463 ι

147 498 223 574 τελῆ
250 494 376 558 τούτων
408 493 513 558 αἰτίαν
545 491 628 557 ἀλλὰ
659 494 931 572 προκαταρκτικὴν
963 492 1064 574 μόνον
1092 493 1287 572 ἐποιεῖτοτὴ
1329 515 1336 553 κ

148 584 347 663 εἱμαρμένην.

238 727 297 789 Oic.
317 729 353 788 de
372 729 434 787 fato
456 731 504 800 19,
520 729 576 787 44:
609 727 713 805 Neque
733 721 812 786 enim
827 726 1011 805 Chrysippus
1031 730 1195 789 concedens
1214 729 1279 788 adse
1328 703 1336 769 ἶ-

149 818 239 878 sionis
263 819 429 893 proximam
447 819 478 876 et
497 817 697 876 continentem
723 835 843 876 causam
861 835 926 877 esse
944 819 976 876 iu
993 818 1058 878 viso
1077 820 1207 893 positam
1224 838 1278 893 neq
1323 870 1330 879 .

148 925 213 965 eam
237 925 358 966 cansam
377 925 443 965 esse
462 906 500 964 ad
519 905 747 964 adsentiendum
765 907 911 965 necessa'
964 953 972 984 ,
991 908 1133 967 concedet
1152 912 1195 984 ut,
1215 908 1240 966 si
1258 927 1294 965 on

148 996 198 1054 nic
217 996 280 1054 fato
298 993 380 1066 fiant,
400 994 499 1053 omnia
517 994 614 1053 causis
633 993 708 1052 fiant
725 924 970 1054 accredenlbbls
989 999 1020 1055 et
1038 996 1222 1056 necessariis.

219 1117 235 1165 2
258 1127 344 1180 oeque
366 1110 419 1164 del.
444 1125 541 1165 omncs
564 1108 686 1164 editores
709 1112 824 1164 auctore
847 1111 989 1179 Turnebo3
1017 1111 1135 1166 retinuit
1161 1110 1250 1166 Orelli
1270 1128 1286 1178 q

148 1181 294 1238 coniunxit
311 1180 375 1234 cum
395 1181 534 1235 ‘concedet
551 1181 610 1248 αι’,
630 1182 659 1235 et
675 1178 779 1235 Baiter.
808 1179 895 1237 immo
914 1181 1090 1237 retinendum
1110 1184 1140 1237 et
1158 1185 1284 1238 construe

148 1255 215 1307 dum
234 1254 278 1307 est
297 1252 393 1322 ‘nequa
410 1252 475 1307 essc'
497 1252 592 1322 ‘nepae
610 1252 687 1319 easc',
706 1252 740 1306 cf.
760 1254 847 1322 praef.
867 1269 925 1309 exc.
945 1271 971 1323 p.
992 1259 1051 1308 704.

652 1394 657 1400 .
1322 1370 1336 1407 p

238 1420 309 1480 ibid.
326 1421 375 1493 18,
391 1421 458 1478 42:·
480 1419 565 1490 Quod
584 1420 662 1478 enim
681 1421 818 1480 dicantur
835 1421 1027 1482 adsensiones
1047 1421 1112 1480 fieri
1126 1422 1224 1481 causis
1239 1440 1276 1479 an
1326 1457 1336 1496 <

37 1580 40 1587 Ι
148 1508 270 1585 positis,
296 1508 327 1566 id
351 1509 439 1586 quale
463 1509 502 1568 sit
520 1509 607 1567 facile
625 1527 644 1567 a
663 1527 695 1568 se
718 1509 860 1584 explicari
882 1513 971 1586 putat
986 1502 1210 1591 (Chrysippus).
1250 1528 1287 1568 na
1325 1527 1336 1586 (·

149 1616 329 1674 quamquam
347 1597 486 1657 adsensio
504 1617 564 1656 non
587 1598 684 1673 possit
701 1597 766 1656 fiori
784 1598 842 1657 nisi
860 1604 1009 1658 commota
1026 1599 1104 1672 viso,
1127 1602 1230 1658 tamen
1253 1618 1286 1658 cu
1329 1637 1336 1690 3

148 1687 180 1745 id
202 1687 300 1745 visum
323 1686 490 1762 proximam
512 1704 632 1745 cansam
655 1686 778 1763 babeat,
806 1706 865 1745 non
890 1688 1098 1763 principalem,
1125 1689 1201 1746 hanc
1229 1689 1287 1746 hab
1333 1706 1336 1731 ³

122 1765 309 1852 trationem,
332 1778 367 1833 ut
388 1773 573 1851 Chrysippus
597 1775 675 1849 vult,
699 1794 788 1850 quam
813 1775 925 1835 dudum
948 1776 1089 1853 diximus3
1112 1769 1188 1835 ‘non
1211 1781 1247 1835 nt
1269 1777 1278 1834 i

150 1865 269 1940 quidem
287 1863 353 1922 fieri
370 1863 466 1939 possit
482 1859 567 1922 nulla
584 1864 614 1924 vi
633 1864 817 1923 extrinsecus
831 1865 952 1923 excitati
967 1859 1102 1946 (necesse
1117 1869 1165 1924 est
1178 1867 1256 1925 enim
1272 1865 1305 1923 ad

151 1953 317 2012 sensionem
341 1953 406 2012 viso
430 1943 640 2032 commoveri)'
663 1983 698 1992 -
722 1954 775 2012 sed
797 1953 961 2012 revertitur
984 1953 1023 2012 ad
1046 1952 1215 2030 cylindrum
1234 1958 1300 2013 eta

149 2041 300 2101 turbinem
330 2061 430 2116 suum,
454 2060 530 2118 quae
553 2041 668 2101 moveri
690 2041 820 2118 incipere
842 2042 899 2102 nisi
925 2044 1013 2119 pulsa
1035 2061 1094 2102 non
1119 2046 1258 2118 possrmt:
1290 2043 1301 2100 i

151 2133 252 2190 eutem
271 2150 337 2190 cum
357 2129 464 2189 accidit
482 2131 588 2206 suapte
606 2133 714 2188 natura
737 2133 816 2206 quod
836 2135 975 2206 superest
997 2134 1028 2190 et
1050 2131 1220 2209 cylindrum
1243 2132 1291 2190 vol
1330 2150 1335 2163 ¹

112 2229 138 2269 1⁰
152 2223 183 2279 et
195 2220 311 2279 versari
325 2219 477 2278 turbinem
490 2222 588 2294 putet.
615 2215 681 2296 [19,
697 2215 753 2294 43]
770 2212 820 2278 ‘ut
832 2213 951 2295 igitur',
969 2221 1075 2296 inquit,
1094 2213 1163 2295 ‘qui
1175 2220 1307 2296 protrusi

152 2308 331 2385 cylindrum,
361 2307 444 2367 dedit
467 2308 494 2368 ei
517 2306 695 2383 principium
718 2309 869 2381 motionis,
896 2309 1115 2368 volubilitatem
1138 2312 1240 2368 autern
1264 2328 1302 2367 no

150 2397 246 2456 dedit:
275 2396 318 2456 sic
340 2397 437 2456 visum
461 2396 611 2455 obiectum
634 2396 785 2472 imprimet
802 2396 878 2455 illud
896 2398 1015 2474 quidem
1035 2401 1066 2456 et
1084 2396 1170 2473 quasi
1189 2397 1308 2473 siguabi

150 2487 182 2544 in
199 2486 299 2545 animo
319 2503 404 2544 suam
423 2485 564 2561 speciem,
588 2485 641 2543 sed
659 2485 795 2544 adsensio
813 2489 918 2545 nostra
935 2486 994 2545 erit
1011 2487 1042 2545 in
1060 2488 1210 2562 potestate
1230 2505 1306 2562 eaqu

153 2594 241 2650 quem
260 2573 438 2633 admodum
456 2573 487 2631 in
506 2573 640 2650 cylindro
660 2574 773 2633 dictum
792 2578 850 2652 est,
873 2575 1055 2635 extrinsecus
1074 2575 1162 2650 pulsa
1180 2575 1260 2652 quod
1278 2595 1310 2632 re

113 2672 139 2712 1⁵
153 2664 244 2723 licum
263 2667 310 2721 est
329 2666 435 2737 suapte
453 2662 532 2721 viel
550 2665 660 2721 natura
678 2663 856 2722 movebitur.
893 2663 971 2738 quod
997 2664 1024 2723 si
1041 2662 1143 2739 aliqua
1159 2682 1208 2724 res
1228 2664 1310 2722 effice

151 2755 235 2811 retur
254 2752 317 2810 sine
336 2769 426 2810 cansa
440 2750 643 2827 antecedente,
662 2751 773 2810 falsum
787 2755 868 2811 esset
881 2752 980 2812 omnia
993 2752 1057 2812 fato
1069 2750 1145 2826 fieri;
1168 2753 1214 2811 sin
1229 2752 1310 2811 omni

152 2840 208 2899 bns
224 2857 427 2917 quaecumque
443 2838 517 2899 fiunt
530 2839 595 2898 veri
610 2839 706 2899 simile
721 2843 768 2899 est
781 2858 902 2900 causam
916 2841 1103 2901 antecedere:
1123 2841 1195 2916 quid
1211 2841 1320 2899 adferr'

152 2929 272 3005 poterit,
291 2946 344 2986 our
357 2946 417 2987 non
431 2928 530 2988 omnia
543 2928 606 2987 fato
621 2928 686 2987 fieri
699 2927 855 2987 fatendum
870 2929 919 3005 sit,
937 2931 1024 2990 modo
1037 2930 1234 3007 intellegatur
1248 2949 1308 3006 qua

153 3019 193 3076 sit
211 3035 370 3077 causarum
388 3017 539 3077 distinctio
562 3036 597 3076 ac
615 3010 865 3076 dissimilitudo?

224 3132 240 3187 5
259 3134 364 3189 dudum
383 3134 517 3188 dicimos:
549 3103 636 3188 Orelli
654 3132 763 3187 censuit
780 3133 809 3187 in
828 3149 862 3188 aa
882 3135 962 3203 parte
981 3151 1055 3189 nunc
1073 3133 1197 3204 perdita,
1216 3150 1251 3187 ex
1270 3150 1324 3203 qua

152 3203 258 3260 Gellius
276 3220 327 3258 sna
344 3203 482 3272 hauserit3
500 3205 587 3259 immo
605 3202 636 3258 in
654 3209 669 3269 ξ
687 3208 731 3259 41.
811 3209 844 3258 17
864 3221 989 3260 coccam.-
1006 3203 1071 3262 fort
1090 3221 1190 3261 causas

242 3353 328 3414 Alex.
347 3354 384 3412 de
402 3354 464 3413 fato
484 3372 507 3413 c.
530 3355 569 3413 15
590 3344 633 3434 (p.
653 3355 694 3413 56
711 3345 775 3435 O.):
808 3351 859 3414 καὶ
881 3351 957 3415 τοὺε
983 3352 1256 3430 βουλευεαμένουε
1280 3356 1323 3434 τῷ

153 3439 339 3521 φαινομένῳ
359 3437 634 3513 ευγκατατίθεεθαι
652 3438 703 3501 καὶ
719 3438 772 3502 διὰ
785 3443 883 3504 τοῦτο
902 3440 952 3504 καὶ
970 3446 1009 3524 τῇ
1028 3439 1187 3523 φανταείᾳ
1206 3439 1323 3519 ὁμοίω(

152 3532 221 3592 τοῑε
245 3525 355 3591 ἄλλοι(
378 3527 472 3609 ζῴοιε
495 3526 632 3590 ἕπεεθαι.

223 3649 257 3702 τὸ
276 3649 307 3702 δὲ
324 3647 415 3712 λέγειν
435 3647 491 3700 ’καί
505 3676 540 3688 -
555 3646 674 3702 ἕπεεθαι’
696 3649 748 3701 οὐκ
765 3648 873 3716 ἀληθέι.
921 3655 937 3704 2
956 3656 992 3719 τῇ
1011 3649 1150 3720 corruda
1168 3647 1321 3705 Schwartz·

151 3723 206 3787 τὴν
223 3717 377 3788 φαντατίαν
1145 3720 1147 3724 ’

241 3868 312 3927 ibid.
333 3886 356 3927 c
374 3870 412 3926 11
429 3857 473 3949 (p.
489 3870 530 3928 36
548 3859 598 3950 0.)
615 3899 653 3910 -
669 3868 872 3947 fragmentum
891 3871 1016 3930 dubium
1035 3902 1077 3912 —
1100 3865 1325 3947 Ὁμολογεῑται

153 3955 192 4032 δὴ
221 3953 302 4031 πρὸ(
330 3951 500 4033 ἁπάντων,
527 3953 565 4017 τὸ
593 3955 660 4016 τῶν
689 3951 798 4018 ἄλλων
825 3957 919 4040 Ζῴων
946 3956 1005 4021 τὸν
1033 3954 1207 4035 ἄνθρωπον
1230 3963 1324 4022 τοῦτο

155 4041 242 4121 παρὰ
264 4046 321 4121 τῆε
344 4043 471 4121 φύεεωε
495 4041 581 4121 ἔχειν
604 4043 714 4122 πλέον,
738 4044 776 4106 τὸ
800 4047 840 4124 μὴ
864 4043 982 4123 ὁμοίως
1001 4044 1135 4111 έκείνοιε
1153 4049 1223 4111 ταῖε
1244 4068 1336 4126 (ραν-Ι

152 4130 272 4195 ταείαιε
296 4131 436 4211 ἕπεεθαι,
460 4130 536 4197 ἀλλ’
558 4130 644 4210 ἔχειν
667 4131 747 4210 παρ’
770 4133 868 4212 αὐτῆ(
891 4135 1007 4213 sputu
1020 4138 1087 4198 τῶν
1109 4155 1324 4214 προεπιπτου-

127 4223 218 4284 νεῶν
242 4225 427 4299 φανταειῶν
450 4221 522 4300 περί
544 4241 642 4284 τινων
665 4220 709 4285 ὼε
733 4220 869 4301 αἱρετῶν
891 4223 949 4286 τὸν
969 4222 1082 4299 λόγον·
1106 4223 1132 4307 ᾧ
1152 4224 1325 4304 χρώμενος,

155 4309 183 4373 εἰ
206 4311 264 4388 μὲν
287 4309 497 4391 ἐξεταζόμενα
519 4309 559 4374 τὰ
582 4311 817 4392 φανταεθέντα,
845 4309 898 4376 οἷα
921 4314 979 4391 τὴν
1003 4310 1104 4392 ἀρχὴν
1127 4312 1248 4394 ἐφάνη,
1279 4315 1327 4379 καὶ

158 4397 229 4480 έετι,
253 4399 509 4477 ευγκατατίθεταί
531 4420 566 4464 τε
590 4404 627 4484 τῇ
652 4400 810 4485 φανταείᾳ
832 4401 883 4465 καὶ
906 4401 991 4466 οὕτω
1015 4403 1149 4481 μέτειειν
1177 4402 1273 4468 αὐτά·
1302 4404 1327 4469 εἰ
