2856 4852
211 237 275 304 708
662 238 794 296 Alfredus
812 240 933 298 Gerohe.

207 403 242 451 14
256 399 442 466 Ηράκλειτος·
462 398 496 454 of
512 397 792 480 Sohusterp.198‚1
868 403 900 452 15
918 399 1024 453 πάντας
1040 412 1137 466 apogr.
1152 394 1201 450 Ox.
1216 393 1280 449 fort.
1296 395 1380 462 reete,

204 471 278 536 π(ερί
299 474 364 537 τοῦ)
382 470 467 536 volgo
522 474 558 524 24
575 468 737 525 universnm
756 471 876 524 Vsener.
895 469 1065 535 universnm,
1084 467 1297 521 universem—
1317 482 1381 520 con·

205 540 342 595 timentem
361 541 415 595 del.
435 539 512 595 Diels
585 545 619 597 25
638 541 755 597 fatalem
773 542 912 596 umbram:
934 540 998 597 fort.
1018 540 1058 594 sio
1076 538 1163 594 vertit
1177 537 1273 593 Oioero
1289 536 1381 605 εἱμαρ-

206 612 290 679 μένης
313 618 410 680 μοῖραν
429 612 474 666 vel
490 611 550 666 tole
569 611 645 683 quid.

294 725 382 786 Philo
396 728 433 786 de
447 745 530 803 pror.
544 727 576 786 Π
591 730 633 789 74
652 748 680 804 p.
697 730 739 789 94
755 727 911 787 Auoher*:
930 720 1038 806 (Astre
1056 717 1199 805 erratico)
1219 728 1292 785 note
1310 717 1417 783 suntll

204 833 264 874 non
283 817 380 876 solnm
398 816 515 874 ratione
532 836 637 876 verum
656 819 746 877 etism
762 835 851 876 sensu
870 817 914 893 ita
927 819 1066 877 mouente
1080 815 1277 890 providentia,
1297 832 1380 889 quse

205 907 240 962 ut
264 904 336 964 dicit
364 903 550 981 Chrysippus
574 907 605 964 et
629 905 803 981 Cleanthes,
833 905 908 964 nihil
936 905 1139 981 praetermisit
1166 904 1381 979 pertinentium

206 990 244 1052 ad
258 995 414 1054 certiorem
429 994 640 1072 utilioremque
655 994 916 1070 dispensationem.
943 995 1022 1070 quod
1037 994 1062 1052 si
1077 994 1166 1052 aliter
1180 993 1287 1052 melius
1303 997 1382 1052 esset

207 1081 374 1157 dispensari
392 1100 441 1141 res
460 1083 572 1156 mundi,
591 1101 626 1142 eo
645 1084 732 1144 modo
747 1083 925 1160 sumpsisset
943 1082 1196 1157 compositionem,
1215 1100 1275 1157 qua
1294 1085 1381 1140 tenus

206 1170 282 1228 nihil
301 1173 470 1231 oeeurreret
488 1171 526 1230 ed
544 1172 766 1249 impediendum
786 1173 883 1232 deum.

294 1287 347 1354 Δι’
370 1289 449 1355 ὅλου
473 1292 531 1370 μέν
559 1290 620 1370 γὰρ
650 1291 697 1355 ὢν
727 1291 747 1355 δ
774 1290 888 1370 κόςμος
917 1291 1068 1370 πυρώδη(
1096 1290 1190 1356 εὐθὺς
1213 1289 1265 1353 καὶ
1293 1291 1380 1369 ψυχή
1394 1287 1419 1350 12

204 1379 288 1443 ἐςτιν
307 1379 424 1442 ἑαυτοῦ
443 1380 494 1442 καὶ
511 1379 718 1459 ἡγεμονικόν·
741 1379 796 1445 ὁτέ
820 1382 856 1445 δέ
877 1381 1067 1461 μεταβαλὼν
1091 1379 1136 1444 εἷς
1158 1400 1193 1444 τε
1218 1379 1256 1443 τό
1281 1378 1383 1457 ὑγρὸν

204 1467 255 1531 καὶ
273 1469 331 1546 τὴν
350 1468 640 1548 ἐναπολειφθεϊςαν
665 1472 773 1549 ψυχὴν
791 1469 915 1548 τρόπον
934 1470 1006 1534 τινὰ
1029 1469 1074 1533 εἰς
1095 1472 1182 1548 ςῶμα
1202 1469 1252 1532 καὶ
1274 1469 1383 1547 ψυχὴν

204 1555 428 1636 μεταβάλλων,
454 1556 534 1622 ὥςτε
554 1557 739 1623 ςυνεςτάναι
759 1559 794 1623 ἐκ
812 1559 946 1638 τούτων,
970 1558 1072 1624 ἄλλον
1090 1559 1161 1623 τινὰ
1180 1557 1251 1636 ἔςχε
1272 1555 1382 1634 λόγον.

274 1658 347 1714 Plut
374 1660 408 1714 de
433 1660 519 1715 Stoie.
543 1677 602 1730 rep
626 1668 659 1716 41
685 1665 722 1732 (p
746 1666 812 1716 1033
825 1662 871 1730 B)
900 1663 972 1727 λέγει
1001 1664 1032 1717 δέ
1059 1661 1254 1732 (Chrysippus)
1280 1662 1315 1714 ἐν
1338 1667 1382 1730 τῷ

202 1733 325 1802 πρώτῳ
344 1734 422 1800 περὶ
440 1732 616 1800 προνοίας
637 1733 685 1788 δι’
704 1735 819 1789 όλου-
832 1733 938 1798 λόγον’.
984 1736 1109 1789 trist*
1128 1735 1176 1789 ὅτε
1226 1733 1266 1786 cio
1281 1748 1326 1787 τε
1347 1713 1383 1785 εἰς

205 1785 350 1870 Wytterib
388 1805 433 1856 καί
451 1805 485 1857 τό
505 1805 590 1871 ξηρὸν
609 1804 675 1873 post
692 1807 780 1872 ὑγρὸν
799 1803 863 1859 edd.
883 1802 962 1859 Diels
1008 1807 1284 1873 3έναποληφθεῖςαν
1302 1801 1381 1855 Diels

204 1876 286 1927 4καί
304 1877 399 1942 ψυχὴν
422 1875 614 1941 μεταβάλλων·
638 1878 786 1943 μετέβαλεν
804 1876 949 1946 Wyttenb.
1025 1878 1056 1931 έκ
1073 1879 1197 1931 τούτων
1217 1893 1257 1930 ex
1259 1874 1381 1947 liquido

206 1943 261 1999 et
253 1962 345 2015 igneo,
364 1959 479 2014 corpore
499 1948 528 2001 et
547 1946 642 2001 enimn

294 2052 447 2121 Ἐοικέναι
469 2061 516 2141 τῷ
541 2059 598 2136 μέν
622 2055 783 2142 ἀνθρώπῳ
808 2058 866 2123 τόν
890 2058 956 2123 Δία
979 2059 1111 2123 καὶτὸν
1134 2057 1259 2138 κόςμον,
1283 2065 1322 2142 τῇ
1346 2058 1418 2128 ott
1391 2065 1418 2130 13

205 2149 292 2227 ψυχῇ
307 2145 366 2224 τὴν
379 2145 560 2224 Πρόνοιαν·
579 2145 659 2211 ὅταν
674 2146 733 2211 οὗν
748 2147 922 2226 ἐκπύρωςις
941 2149 1079 2226 γένηται,
1097 2146 1199 2226 μόνον
1213 2145 1381 2226 ἄφθαρτον

205 2228 285 2295 ὄντα
303 2234 362 2298 τὸν
380 2233 446 2298 Δία
464 2238 530 2298 τῶν
549 2239 633 2300 θεῶν
652 2234 835 2315 ἀναχωρεῖν
853 2237 906 2300 ἐπὶ
924 2239 984 2315 τὴν
1002 2235 1182 2315 Πρόνοιαν·
1207 2235 1276 2300 εἶτα
1300 2235 1379 2314 ὁμοῦ

205 2322 400 2400 γενομένους
419 2322 472 2387 ἐπὶ
491 2327 561 2402 μιᾶς
578 2329 639 2404 τῆς
653 2330 711 2389 τοῦ
731 2325 858 2405 αἰθέρος
872 2324 979 2389 οὐςίας
994 2327 1153 2390 διατελεῖν
1169 2323 1379 2403 ἀμφοτέρους.

275 2423 313 2478 id.
333 2424 368 2477 de
388 2440 486 2478 comm.
505 2427 564 2480 not
584 2443 607 2480 ο.
628 2433 709 2497 36ρ,
726 2427 829 2482 10771)
848 2428 920 2493 λέγει
937 2433 1008 2492 γοῦν
1027 2427 1181 2493 Χρόςιππος
1200 2427 1379 2481 έο-ικέναι

205 2494 404 2563 ἀμφοτέρουςὶ
476 2497 512 2550 ed
527 2512 586 2550 rem
601 2496 635 2552 ef.
650 2499 813 2568 Diogenes'
804 2517 834 2553 in
847 2497 921 2552 libro
936 2499 971 2553 de
985 2497 1112 2553 Minerva
1127 2496 1248 2568 (Philod.
1264 2500 1298 2552 de
1313 2498 1379 2568 piet.

207 2567 260 2620 eol.
280 2567 316 2636 5).
385 2572 461 2637 1τφ
480 2569 530 2634 μέν
549 2571 652 2636 ςώματι
669 2571 737 2638 post
755 2572 801 2625 rut
820 2568 951 2625 edditO.
971 2569 1060 2625 Heine

293 2675 419 2741 Τούτου
447 2679 483 2743 δέ
512 2679 617 2743 οὕτως
643 2679 778 2758 ἔχοντος
806 2679 962 2760 δῆλονῇ
945 2700 990 2744 ως
1018 2680 1114 2745 ουδέν
1146 2679 1309 2745 ἀδύνατον
1331 2700 1380 2743 και
1390 2687 1421 2753 14

204 2764 286 2842 ἡμᾶς
305 2765 384 2845 μετὰ
397 2767 435 2831 τό
454 2770 638 2848 τελευτῆςαι
656 2768 754 2834 πόλιν
773 2768 935 2849 περιόδων
953 2772 1051 2833 τινῶν
1066 2769 1243 2848 εἰλημένων
1261 2768 1380 2848 χρόνου

162 2910 169 2923 ,
205 2853 250 2916 εἰς
274 2853 293 2916 ὃ
316 2858 376 2918 νῦν
399 2855 492 2937 έςμεν
515 2859 757 2937 καταςτήςεςθαι
780 2863 890 2937 ςχῆμα.

277 2957 353 3012 Laet.
374 2956 430 3014 div.
449 2959 514 3014 inst.
535 2960 586 3014 VII
606 2967 649 3030 23,
668 2966 700 3015 3:
719 2961 819 3015 melius
839 2958 1024 3029 Chrysippus,
1043 2977 1127 3029 quem
1151 2959 1248 3015 Cicero
1268 2960 1310 3014 eit
1327 2961 1380 3015 ful·

206 3044 262 3082 ⁰³⁶
276 3003 850 3169 33333331311313323
867 3047 940 3156 {¹3
959 3031 1248 3157 httdhtssdffl
1261 3033 1382 3170 ⁸313

118 3172 125 3188 “
205 3115 334 3238 ἓῃέίὶλημέ
321 3172 440 3228 ένωνιι
462 3172 635 3241 εἰλημμένων
699 3120 881 3227 (¹382eller
901 3173 934 3226 ὃν
1285 3119 1341 3170 xp

276 3240 312 3296 M
337 3242 474 3299 Antonini
497 3262 567 3299 com.
592 3245 643 3298 VH
669 3249 715 3298 19:
737 3244 839 3298 πόςους
861 3245 956 3312 ἤδηὸ
940 3243 1051 3298 ὁαίὼν
1074 3244 1259 3312 Χρυςλππους,
1280 3247 1384 3300 πόςους

206 3313 372 3382 (ωκράτεις,
394 3316 497 3370 πόςους
520 3317 698 3382 Ἐπικτήτου(
721 3316 915 3380 κατοπέπωκε;
939 3317 973 3369 τό
997 3317 1119 3369 δἀὐτὸ
1143 3318 1188 3370 καί
1210 3318 1255 3370 έπλ
1277 3320 1385 3372 παντὸς

205 3385 367 3439 οὑτινοςοῦν
386 3403 427 3440 ςοι
446 3388 596 3455 ἀνθρώπου
616 3403 643 3440 ςε
662 3389 706 3440 καί
724 3387 887 3453 πράγματος
904 3387 1106 3455 προςπιπτέτω.
1139 3387 1285 3457 Epictetus
1305 3389 1383 3444 vide-

171 3505 175 3511 .
205 3457 252 3509 tur
270 3456 344 3511 hene
363 3456 520 3512 doctrinam
541 3474 575 3512 ex
594 3457 751 3526 Chrysippo
770 3457 901 3514 rausum
919 3456 1079 3513 tradidisse.

287 3571 414 3632 NJNemes
438 3589 469 3631 π.
493 3564 673 3646 φυςάνθρ.
698 3574 987 3649 o.38p.147sq.:
1015 3567 1105 3633 οἱδέ
1129 3567 1260 3632 (τωικοί
1284 3575 1426 3648 φαςινιο

206 3651 517 3734 ἀποκαθιςταμένους
547 3656 623 3720 τοὺς
651 3655 816 3736 πλάνητας
844 3657 889 3722 εἰς
915 3658 953 3722 τὸ
982 3657 1061 3722 αὐτὸ
1085 3661 1214 3736 ςημεῖον
1240 3656 1320 3722 κατόι
1347 3680 1383 3723 τε

206 3748 304 3822 μῆκος
333 3744 384 3808 καὶ
411 3743 546 3824 πλάτος,
577 3743 655 3810 ἔνθα
681 3747 741 3825 τὴν
768 3744 870 3827 ἀρχὴν
898 3747 1028 3811 έκαςτος
1056 3747 1107 3826 ἦν,
1140 3745 1195 3810 ὅτε
1228 3747 1265 3810 τὸ
1295 3751 1383 3826 πρῶ-

205 3852 264 3896 τον
292 3831 310 3896 ὁ
338 3831 453 3911 κόςμος
481 3835 625 3916 ςυνέςτη,
653 3835 690 3899 ἐν
719 3834 829 3914 ῥηταῖς
857 3835 986 3915 χρόνων
1014 3835 1176 3914 περιόδοις
1203 3834 1383 3914 ἐκπύρωςιν

180 3922 259 3994 ικαὶ
281 3921 409 4000 φθορὰν
432 3925 498 3987 τῶν
522 3921 628 3988 όντων
651 3920 881 4002 ἀπεργάζεςθαι
909 3926 961 3989 καὶ
988 3922 1085 3989 πάλιν
1110 3924 1143 3990 ἐξ
1167 3923 1313 4004 ὑπαρχῆς
1338 3925 1382 3989 εἰς

206 4010 244 4072 τὸ
272 4009 352 4073 αὐτὸ
385 4011 442 4075 τὸν
470 4011 587 4091 κόςμον
615 4011 880 4078 ἀποκαθίςταςθαι
908 4014 959 4077 καὶ
990 4016 1057 4076 τῶν
1089 4010 1231 4091 ἀςτέρων
1263 4013 1382 4092 ὁμοίως

206 4097 304 4161 πόλιν
336 4101 528 4180 φερομένων
561 4103 694 4167 ἕκαςτον
721 4104 757 4166 έν
785 4109 823 4187 τῆ
856 4103 998 4185 προτέρᾳ
1030 4100 1171 4186 περιόδῳ
1203 4101 1381 4181 γενόμενον

207 4184 462 4299 ἀπαραλλάκτως
491 4188 722 4257 ἀποτελεῖςθαι.
764 4190 885 4256 ἔςεςθαι
912 4191 974 4270 γὰρ
1002 4189 1099 4255 πάλιν
1126 4189 1297 4270 (ωκρότην
1331 4212 1382 4256 και

206 4275 371 4343 Πλάτωνα
393 4279 445 4344 καὶ
468 4281 601 4346 ἕκαςτον
619 4284 686 4345 των
705 4278 886 4359 ἀνθρώπων
905 4281 962 4345 ςὺν
984 4284 1054 4345 τοῖς
1073 4279 1182 4344 αυτοῖς
1204 4281 1255 4344 καὶ
1275 4281 1381 4359 φίλοις

208 4383 421 4394 Q-

278 4417 292 4450 *
310 4416 371 4472 Hoo
389 4419 579 4488 fragmentum
597 4419 686 4476 debeo
705 4418 891 4477 Wellmenno.
