2856 4852
153 247 218 312 730
604 246 736 303 Alfredus
754 245 873 303 Gerclre:

224 407 295 464 Geli.
314 407 537 477 n.a.vl12,1s
557 406 626 462 dicit
645 407 714 463 haec
732 407 762 462 in
777 407 918 463 Ciceronis
937 407 971 462 de
991 406 1050 461 feto
1071 406 1144 462 libro
1164 422 1194 461 se
1213 405 1324 477 legisse.

152 481 230 535 locus
249 480 293 534 esi
311 479 434 550 graviter
453 482 599 550 corruptus
620 496 759 549 saepeque
777 481 939 550 temptatus,
958 478 987 533 id
1007 479 1081 548 quod
1100 480 1227 534 nostram
1243 495 1324 546 quse·

152 551 271 606 ebionem
291 568 345 606 non
365 551 487 621 attingite

191 662 206 769 ,¹
221 728 227 743 ¹
242 700 302 762 Ciu.
321 703 357 761 de
377 703 440 763 feto
462 705 511 779 17,
531 704 587 762 39:
627 701 669 760 Αα
692 702 766 760 mihi
789 702 909 778 quidem
928 702 1048 762 videtur
1138 699 1325 776 Chrysippus
1333 696 1366 760 98

152 794 305 866 tamquam
324 792 436 852 arbiter
455 792 631 852 honorarius
650 791 780 850 medium
799 790 889 850 ferire
908 789 1051 851 voluisse:
1071 791 1124 850 sed
1142 788 1277 865 adplicet
1296 809 1325 848 se

152 881 190 938 ad
209 898 259 939 eos
276 880 386 956 potius,
405 881 456 955 qui
470 879 649 940 neeessiieie
663 883 762 940 motus
777 880 944 940 animorum
957 879 1101 940 liberatos
1115 879 1235 954 volunt3
1256 879 1325 936 dum

150 972 253 1028 autem
276 968 375 1029 verbis
399 970 495 1028 utitur
518 969 593 1044 suis,
618 969 768 1030 delebitur
790 969 822 1028 in
841 987 891 1029 ees
911 968 1117 1043 difficultates,
1145 971 1181 1027 ut
1198 968 1327 1027 necessi·

123 1061 245 1118 statem
263 1058 320 1117 fati
337 1058 494 1118 confirmet
511 1058 632 1119 invitus.

239 1217 415 1297 Diogenien.
434 1219 470 1279 ir.
492 1221 525 1296 1,
546 1221 601 1279 12:
622 1217 824 1296 -Ghrysippus
848 1216 985 1278 versibus
1004 1216 1174 1277 Homericis
1194 1216 1262 1277 febo
1282 1236 1325 1276 re·
1336 1214 1369 1278 99

149 1307 355 1386 pugnantibus
378 1303 429 1367 καὶ
457 1302 554 1368 αὐτὸ(
578 1304 692 1387 ἐντῷ
721 1304 888 1386 δευτέρῳ
918 1301 1048 1385 βιβλίῳ
1072 1306 1184 1381 χρῆται
1209 1300 1326 1381 βουλό-

150 1413 245 1471 μενοε
269 1395 413 1457 ευνιετάν
436 1393 474 1457 τὸ
501 1393 553 1457 καὶ
580 1390 660 1471 παρ’
682 1393 762 1472 ἡμᾶε
786 1391 894 1456 πολλά
915 1391 1063 1471 γίνεεθαι,
1088 1389 1160 1455 οἷον
1182 1390 1222 1455 τὸ

310 1514 417 1580 ‘absol
440 1516 501 1595 γάρ
525 1519 712 1600 εφετέρῃειν
734 1513 955 1598 ἀταεθαλίῃειν
979 1513 1114 1580 ὄλοντο’

123 1606 202 1669 ικαὶ
224 1605 262 1669 τὸ
313 1603 356 1668 ’ὦ
380 1605 489 1686 πόποι,
513 1605 585 1671 οἷον
608 1607 647 1686 δή
671 1626 710 1670 να
734 1606 828 1670 θεοὺε
853 1604 960 1684 βρότοι
985 1603 1180 1669 αἰτιόωνται·

311 1695 343 1759 ἐξ
366 1695 475 1773 ἡμέων
498 1694 559 1773 γάρ
583 1714 659 1775 φατι
683 1691 755 1758 κάκ’
778 1692 917 1772 ἔμμεναι,
942 1694 972 1758 οἳ
997 1695 1033 1757 δὲ
1057 1693 1108 1757 καὶ
1131 1692 1223 1757 αὐτοὶ

310 1790 423 1868 εφῇειν
447 1781 668 1867 άταεθαλίῃειν
691 1782 772 1861 ὑπὲρ
797 1781 897 1862 μόρον
921 1780 1015 1859 ἄλγε’
1041 1779 1174 1860 ἔχουει’.

221 1909 238 1957 4
257 1903 307 1957 Od.
328 1910 374 1958 ui
449 1906 541 1958 αὐτοὶ·
562 1906 656 1958 αὐτῶν
669 1903 751 1958 Ηοιιι.
831 1907 917 1971 5sqq.
938 1902 988 1959 Od.
1009 1921 1027 1958 α
1041 1909 1142 1972 32—43
1163 1902 1327 1976 diligentius

150 1977 222 2030 hese
240 1975 365 2066 iuvenies
384 1976 413 2029 in
432 1975 504 2030 libro
524 1976 558 2029 de
577 1974 754 2045 providentia
771 1974 825 2046 frg.
845 1981 878 2030 32
898 1972 1026 2044 exposite

239 2125 323 2186 Alex.
343 2125 380 2185 ds
398 2127 461 2185 feto
481 2145 504 2184 α
521 2127 561 2184 26
577 2117 620 2203 (p.
641 2127 681 2185 82
698 2117 761 2204 0.):
791 2120 966 2199 ἀποροῦειν
989 2122 1071 2200 πρὸ(
1093 2121 1132 2185 τὸ
1156 2121 1240 2186 εἶναι
1262 2142 1324 2187 τοι·
1339 2120 1370 2184 10

150 2215 248 2319 οῦτον
276 2212 314 2275 τὸ
342 2208 411 2291 ἐφ’·
427 2210 502 2289 ἡμῖν
535 2208 653 2276 ὁποῖον
681 2210 700 2289 ἡ
730 2212 819 2301 κοινὴ
852 2208 1014 2289 πρόληψις
1044 2213 1111 2274 τῶν
1143 2209 1324 2290 ἀνθρώπων

149 2320 365 2364 πεπιετευκεν.

221 2427 237 2475 2
257 2422 291 2476 τὸ
311 2421 362 2489 ἐφ’
382 2420 443 2475 VA·
463 2422 501 2489 ἐφ
573 2425 589 2474 3
608 2418 787 2477 πεπίετευκεν
806 2421 843 2473 A·
862 2419 1069 2474 πεπιετευκεναί
1086 2418 1112 2473 V

238 2571 310 2631 ibid.
334 2589 358 2630 ο.
379 2573 420 2631 33
446 2563 489 2651 (ρ.
511 2573 573 2630 104
589 2562 652 2652 0.):
680 2568 788 2643 λέγειν
809 2565 952 2644 ἡγεῖεθαι
976 2568 1051 2630 τοὺ(
1077 2565 1164 2646 [οὐχ]
1189 2567 1322 2646 ἡγουμέ-
1337 2565 1369 2630 10

150 2677 227 2721 νου(
251 2657 287 2721 ἐν
311 2660 365 2741 τῷ,
381 2656 531 2739 εῴζεεθαι
555 2658 613 2735 τὴν
637 2653 711 2720 καθ’
734 2653 835 2734 ὁρμὴν
858 2657 925 2718 τῶν
953 2655 1046 2738 ζῴων
1075 2656 1243 2733 ἐνέργειαν
1265 2657 1323 2736 ἤδη

150 2748 300 2829 εῴζεεθαι
323 2746 375 2809 καὶ
397 2744 436 2809 τὸ
460 2742 513 2825 ἐφ’
535 2744 619 2824 ἡμῖν,
643 2749 690 2829 τῷ
711 2745 779 2824 [μὴ]
799 2746 864 2808 πᾶν
883 2744 921 2807 τὸ
940 2742 1014 2807 καθ’
1033 2743 1134 2822 ὁρμὴν
1152 2742 1324 2824 γινόμενον

150 2835 203 2898 ἐπὶ
225 2838 297 2909 τοῖς
318 2833 456 2913 ὁρμῶειν
479 2832 574 2898 εἶναι·
607 2834 659 2897 καὶ
687 2833 739 2898 διὰ
767 2837 863 2896 τοῦτο
892 2833 1025 2911 ἐρωτᾶν,
1049 2832 1078 2897 εἰ
1101 2835 1141 2912 μὴ
1166 2832 1325 2913 ἐνέργημά

123 2941 179 2987 sss
202 2923 240 2986 τὸ
264 2920 322 3002 ἐφ’
343 2922 419 3002 ἡμῖν
443 2923 521 2986 ἐετι·
547 2922 599 2987 καὶ
622 2921 782 3001 λαβόντα(
806 2921 858 2984 ἐπὶ
881 2920 986 3003 τούτῳ
1010 2919 1107 2985 πάλιν
1130 2923 1269 3001 ἐρωτᾶν,
1298 2923 1325 2988 εἰ

151 3014 191 3091 μὴ
215 3015 281 3076 τῶν
304 3009 532 3090 ἐνεργημάτων
555 3010 595 3075 τά
617 3012 675 3089 μέν
699 3008 780 3074 εἶναι
804 3012 893 3072 δοκεῖ
915 3007 989 3072 καθ’
1012 3007 1125 3088 ὁρμὴν,
1155 3011 1195 3075 τὰ
1225 3013 1262 3076 όέ
1286 3011 1325 3076 οὐ

150 3097 224 3166 καθ’
246 3099 359 3180 ὁρμήν·
384 3101 403 3164 ὃ
426 3099 586 3181 λαβόντα(
608 3099 706 3163 πάλιν
730 3099 931 3176 προετιθέναι
958 3098 1064 3181 τούτῳ
1091 3099 1129 3162 τὸ
1159 3100 1236 3180 μήτε
1259 3104 1327 3165 τῶν

150 3189 377 3269 ἐνεργημάτων
406 3190 477 3268 μὲν,
506 3191 546 3268 μὴ
575 3186 650 3253 καθ’
673 3187 774 3266 ὁρμὴν
798 3187 833 3251 δέ
858 3184 940 3251 εἶναί
961 3207 991 3250 τι
1014 3185 1072 3266 ἐφ’
1094 3188 1183 3266 ἡμῖν·
1211 3188 1251 3252 οὗ
1275 3190 1328 3254 καὶ

151 3277 251 3342 αὐτοῦ
280 3280 545 3356 ευγχωρουμένου
579 3277 632 3341 ἐπὶ
663 3277 790 3340 τούτοιε
823 3274 996 3355 λαμβάνειν
1027 3276 1065 3340 τὸ
1094 3280 1159 3341 πάν
1186 3279 1224 3342 τὸ
1252 3276 1327 3344 καθ’

111 3388 137 3427 10
151 3366 252 3447 ὁρμὴν
275 3366 447 3445 γινόμενον
469 3366 524 3430 ἐπὶ
545 3369 614 3430 τοῑε
638 3364 742 3428 οὕτω(
764 3366 949 3443 ἐνεργοῦειν
969 3362 1058 3443 εἰναι,
1081 3365 1192 3445 ἐπειδὴ
1212 3368 1249 3432 έν
1268 3389 1327 3447 μη-

150 3458 218 3522 όενὶ
246 3460 312 3521 τῶν
341 3453 448 3519 άλλωε
476 3455 721 3532 ἐνεργουμένων
749 3453 826 3517 ἐετί·
858 3453 909 3517 καὶ
937 3453 990 3518 διὰ
1011 3457 1109 3518 τοῦτο
1134 3456 1241 3532 λέγειν
1264 3458 1327 3541 τῲ-

150 3552 255 3614 ζεεθαι
283 3542 357 3610 κατ’
385 3544 502 3608 αὐτοὺ(
529 3543 581 3606 καὶ
608 3543 646 3607 τό
673 3546 824 3607 τοιοῦτον
852 3539 911 3621 ἐφ’
933 3543 1020 3622 ἡμῖν,
1051 3543 1070 3606 ὃ
1099 3545 1240 3609 δυνατὸν
1265 3544 1329 3626 ὑφ’

150 3637 240 3715 ἡμῶν
263 3635 409 3712 γενέεθαι
432 3653 467 3696 τε
491 3631 543 3695 καὶ
566 3633 606 3711 μή
628 3667 666 3677 -
688 3629 769 3696 εἶναι
794 3633 832 3710 δὴ
856 3631 908 3695 καὶ
931 3631 970 3695 τὰ
992 3631 1097 3696 οὕτω(
1115 3632 1270 3712 γινόμενα
1290 3636 1328 3701 ἐν

150 3728 219 3789 τοῖε
241 3721 317 3788 καθ’
339 3722 440 3801 ὁρμὴν
464 3722 652 3799 γινομένοις.

222 3845 256 3898 τό
275 3844 305 3896 δὲ
323 3843 413 3906 λέγειν
433 3841 570 3909 ’ἡγέίεθαι
590 3871 621 3880 -
642 3841 812 3908 γινομένοιε’
834 3843 888 3895 ἐετι
906 3846 967 3895 πῶς
989 3842 1023 3894 οὐ
1046 3841 1220 3897 παντάπαειν
1243 3843 1327 3908 άγνο·

151 3917 261 3969 ούντων
281 3956 286 3967 .
304 3932 323 3977 .;
416 3916 429 3965 1
450 3916 571 3980 ἡγεβεθαι
590 3915 751 3984 corruptum
769 3912 857 3967 efficii
874 3911 1055 3978 senientiam
1074 3928 1161 3980 quere
1179 3912 1205 3967 V
1225 3918 1255 3968 ei
1273 3918 1327 3982 οὐχ

151 3989 180 4041 ei
198 3989 234 4052 μὴ
254 3984 365 4039 videiur
383 3983 556 4054 expunxisse.
586 3986 677 4039 ἄτοπα
695 3988 760 4040 anie
779 3988 900 4052 ηγάεθαι
918 3982 1028 4038 addidit
1040 3983 1138 4038 Heine.
1167 3985 1217 4039 sed
1230 3984 1325 4055 ipsum

150 4061 271 4126 ἡγεῖεθαι
289 4054 336 4108 vix
355 4071 453 4109 senum
472 4057 528 4110 esis
548 4058 679 4126 exspeeio
693 4060 795 4126 ληρεῖν,
814 4056 990 4123 νηπιάζεεθαι
1005 4054 1050 4108 vel
1063 4054 1121 4108 isle
1136 4056 1211 4125 quid.
1242 4056 1324 4128 Casp.

151 4130 196 4184 Or.
217 4125 330 4196 scripsit
348 4127 400 4194 οὐχ
418 4131 462 4195 ἡγ.
482 4129 550 4181 τοὺ(
567 4131 611 4195 ηγ.
628 4170 634 4181 .
651 4171 656 4182 .
673 4129 727 4182 .τὸ
747 4130 783 4194 μή
802 4132 858 4181 πάν
939 4127 1083 4193 4ἐρωτᾶν
1103 4125 1126 4180 εἰ
1145 4130 1226 4195 μὴ-
1240 4129 1324 4183 πόλιν

150 4203 190 4269 (6)
210 4197 303 4253 om.A
375 4204 389 4252 7
410 4201 480 4266 μήτε
489 4198 552 4253 VA·
573 4198 626 4254 del.
646 4198 743 4265 Heius,
762 4198 811 4266 qui
830 4196 911 4251 addit
927 4202 991 4266 post
1010 4199 1041 4251 δέ
1058 4195 1186 4271 <μηδέ>;
1206 4203 1238 4253 ab
1255 4203 1323 4255 nota

150 4274 193 4326 esi
209 4270 302 4325 forme
319 4270 506 4326 concludendi
525 4270 711 4341 Chrysippea,
730 4269 765 4326 ef.
785 4285 843 4325 exe.
862 4269 948 4339 prees.
966 4286 993 4338 p.
1015 4274 1066 4323 704
1085 4269 1148 4323 fort.
1169 4271 1206 4338 μή
1225 4289 1253 4325 τι
1271 4287 1321 4325 ser.

152 4363 180 4414 et
203 4358 278 4414 infra
301 4361 335 4415 τὸ
355 4364 416 4428 (pro
434 4363 472 4428 τι)
491 4360 542 4427 ἐφ’
561 4361 639 4426 ἡμῖν,
663 4360 732 4426 μηδὲ
750 4357 798 4414 Vs,
827 4420 832 4429 1
924 4361 941 4411 8
965 4359 998 4412 οὗ
1022 4360 1067 4412 καὶ
1093 4359 1180 4412 αὐτοῦ
1199 4373 1229 4414 s·
1256 4343 1322 4414 ὅθι(

151 4431 265 4502 αυγλτοῦ
286 4432 320 4502 V,
336 4439 389 4487 οὐκ
407 4435 494 4486 αὑτοῦ
512 4429 546 4499 Α,
565 4432 609 4485 καὶ
627 4431 715 4485 αὐτοῦ
734 4429 818 4499 volgo
892 4434 923 4484 11
943 4435 1029 4483 τοῦτο
1048 4429 1111 4484 VA·
1129 4429 1233 4484 τούτου
