2856 4852
198 240 261 305 768

232 401 253 452 έ.
274 403 314 452 74.
352 401 413 464 ἥτις
435 399 470 451 ἂν
488 402 564 465 ψυχὴ
584 401 679 466 ἕληται
698 399 757 466 βίον

232 473 276 523 καί
299 470 367 522 τάδε
389 469 452 522 τινά
476 470 580 538 πράξῃ,
606 472 673 525 τάδε
695 475 758 525 τινὰ

232 542 303 608 αύτῇ
314 542 412 605 έῳεται
424 545 483 593 122.
502 541 565 595 add.
582 541 660 610 optio
671 559 758 610 penes

232 611 384 677 hominem,
394 612 468 679 quod
479 613 606 680 sequitur
614 612 757 682 optionem

232 698 317 750 penes
343 682 434 736 fatum
453 683 546 737 Chalc.
569 689 628 736 170.
665 686 698 738 τὸ
721 692 756 754 τῇ

231 754 326 820 πράξει
356 756 377 807 έ.
406 755 472 807 καθ’
499 754 665 822 εἱμαρμένην
698 773 757 809 ςυν-

230 829 349 878 τελεὶται
375 831 434 878 122.
477 824 655 892 καθεὶμαρται
677 828 711 879 τό
735 829 756 881 έ.

233 900 292 950 122.
320 903 355 965 τῇ
376 896 512 965 φανταςίᾳ
531 898 553 950 ἕ.
574 902 624 949 148

197 967 258 1020 ἐπί.
292 968 336 1021 ἐπί
360 985 414 1021 τινι
440 969 568 1021 ἐπαινεῖν.
601 975 689 1022 ποιεῖν
713 969 757 1023 ἐπί

231 1056 307 1093 τινος
336 1045 396 1092 120.
434 1040 451 1104 ἡ
480 1039 524 1092 ἐπὶ
556 1045 598 1107 τῶ
631 1041 757 1104 μέλλοντι

232 1111 339 1175 ἀνάγκη
352 1115 410 1162 128.
431 1110 446 1162 ό
461 1110 505 1162 ἐπί
514 1127 589 1163 τινος
603 1111 686 1175 λόγος
696 1117 756 1164 112.

235 1187 293 1235 120.
313 1180 347 1234 cf.
364 1185 415 1233 140
429 1178 448 1232 l.
459 1185 483 1232 4.
511 1181 611 1247 ἀληθές
625 1181 669 1235 ἐπί
682 1199 758 1236 τινας

235 1258 293 1305 120.
314 1253 358 1305 ἐπὶ
371 1257 430 1304 τῶν
444 1252 524 1318 φύςει
538 1250 610 1317 (‘ad’
623 1254 652 1306 et
667 1253 754 1321 ‘post’

232 1322 384 1391 naturalia)
399 1323 513 1389 πρώτας
530 1324 585 1376 τὰς
601 1325 669 1378 ἕξεις
686 1327 757 1378 κτώ-

233 1400 302 1462 μεθα
318 1392 401 1448 1291.
417 1398 459 1446 76.
474 1396 591 1447 -έπαινοι
609 1397 653 1448 καί
672 1396 757 1460 ψόγοι

233 1468 276 1519 ἐπί
299 1466 408 1531 ἀρετῶν
429 1466 473 1517 καὶ
492 1470 596 1518 κακιῶν
614 1465 757 1530 γίγνονται

232 1536 250 1590 l.
270 1542 295 1591 0.
329 1538 436 1589 ἔπαινοι
454 1540 510 1588 κτλ.
530 1537 574 1589 ἐπὶ
592 1543 651 1590 τοῖς
672 1538 757 1606 ἁμαρ-

232 1609 331 1675 τήμαςι
350 1609 394 1660 καί
413 1608 605 1673 κατορθώματι
625 1614 684 1661 140.
706 1616 756 1663 129

232 1677 251 1731 1.
263 1684 287 1732 9.
307 1678 359 1731 ἐπί
373 1696 427 1731 τινι
436 1677 482 1731 ναί
495 1680 579 1745 τινῖις,
594 1678 624 1731 in
638 1679 756 1737 alicuius

232 1751 384 1818 potestate.
412 1751 456 1802 ἐπὶ
469 1756 504 1818 τῇ
520 1756 595 1818 ψυχῇ
609 1751 643 1804 τό
656 1755 757 1818 πρᾶξαι

232 1824 277 1874 καί
301 1824 337 1887 μὴ
359 1826 418 1873 122.
454 1821 498 1874 ἐπὶ
521 1820 623 1887 Πάριόί
646 1822 700 1875 ἐςτι
723 1824 756 1876 τό

233 1892 363 1958 ἁρπάζειν
377 1894 429 1958 τὴν
445 1892 555 1958 Ἑλένην
571 1897 630 1945 122.
657 1894 694 1946 τά
712 1895 757 1947 διὰ

231 1970 283 2017 τοῦ
308 1964 482 2029 βουλεύεςθαι
502 1964 635 2029 γινόμενα
653 1964 697 2017 ἐπί
714 1971 756 2033 τῶ

233 2036 373 2104 ἀνθρώπῳ
390 2039 448 2088 101.
469 2039 525 2087 πᾶν
538 2035 572 2086 τό
587 2036 654 2087 καθ’
668 2036 757 2102 ὁρμὴν

232 2108 379 2171 γινόμενον
398 2106 442 2158 ἐπὶ
459 2111 518 2158 τοῖς
541 2106 673 2173 όρμῶςιν,
699 2113 757 2159 τοῖς

233 2179 324 2230 οὕτως
337 2178 501 2243 ἐνεργοῦςιν,
520 2183 579 2230 τοῖς
592 2179 674 2245 Ζῴοις
688 2179 757 2231 εῖναι

235 2253 294 2302 101.
331 2248 360 2301 αἱ
383 2249 428 2301 διὰ
451 2252 510 2300 τῶν
533 2250 614 2316 ζῳων
633 2249 688 2301 ύπό
706 2252 757 2315 τῆς

233 2319 398 2386 εἱμαρμένη(
419 2320 485 2371 καθ’
503 2319 593 2385 ὁρμὴν
615 2320 757 2384 γινόμεναι

232 2392 349 2458 κινήςεις
381 2392 426 2442 καί
458 2390 591 2456 ἐνέργειαι
623 2391 667 2444 ἐπὶ
699 2397 757 2445 τοὶς

233 2465 314 2531 ζῴοις
337 2461 385 2514 εἰςὶ
410 2465 459 2513 112
479 2458 498 2512 l.
517 2466 561 2514 35.
598 2463 650 2527 ούχ
676 2461 703 2514 αἱ
727 2463 757 2515 ἐν

233 2540 274 2602 τῷ
293 2534 385 2600 κόςμῳ
404 2533 520 2598 κινήςεις
538 2533 583 2585 ἐπὶ
600 2539 642 2599 τῷ
656 2532 756 2601 λίθῳῆ

233 2606 277 2658 ἐπί
304 2610 345 2672 τῶ
370 2602 436 2670 πυρί
458 2601 477 2656 l.
497 2608 545 2669 42,
573 2601 661 2658 immo
686 2605 757 2657 κατά

231 2679 286 2742 τὴν
313 2674 417 2728 οἰκείαν
440 2675 522 2740 φύειν
544 2672 563 2727 l.
585 2679 632 2741 10,
660 2676 758 2728 contra

234 2745 306 2800 dixit
323 2745 371 2799 vix
384 2745 550 2814 Philopator
569 2747 612 2799 ἐπὶ
631 2752 672 2814 τῷ
690 2749 757 2813 πυρὶ

234 2819 304 2871 εἱναι
322 2818 356 2870 τό
371 2815 465 2883 καίειν,
485 2817 579 2884 ἐπειδὴ
594 2818 673 2885 φύςει
688 2817 757 2871 καίει

233 2890 267 2942 τό
290 2894 345 2955 πορ
368 2885 480 2941 Nemes.
502 2903 525 2940 ο.
544 2892 577 2940 35
606 2907 633 2957 p.
655 2894 705 2942 139
716 2906 756 2957 sq.

234 2961 281 3013 ἐπ’
307 2961 383 3028 αὐτῷ
410 2965 452 3027 τῷ
480 2958 609 3028 φρονίμῳ
638 2960 695 3027 (ἦν)
722 2960 756 3012 τό

234 3033 304 3084 εἶναι
321 3031 451 3099 τοιούτῳ,
470 3033 523 3096 τὴν
542 3031 573 3083 δέ
591 3032 646 3084 ἕξιν
662 3032 757 3097 μηκέτι

234 3104 306 3168 ἔχειν
320 3103 372 3154 ούκ
385 3102 432 3154 ἐπ’
446 3102 524 3169 αύτῷ
534 3102 610 3169 (ἐςτι)
627 3106 685 3155 131.
698 3106 756 3155 132.

706 233 860 293 molens,

848 397 877 451 in
896 396 997 464 causis,
1015 413 1086 466 quas
1104 412 1166 452 esse
1185 397 1239 450 sub
1252 395 1374 450 necessi-

847 471 907 522 tate
926 467 1087 535 noluerunt,
1112 469 1269 537 ροοοαιιιιιὶ
1287 465 1374 521 εύίοιιι

847 544 957 593 nostras
971 541 1131 594 voluntates
1142 545 1202 594 113.
1226 539 1375 606 definitur:

837 610 880 665 ’τὸ
900 617 1029 666 τοιοῦτον
1048 613 1099 679 ἐφ’
1117 614 1195 679 ἡμῖν,
1215 611 1231 662 ὃ
1251 610 1374 664 δυνατόν

847 683 902 751 ὑφ’
915 686 996 750 ἡμῶν
1013 684 1138 747 γενέςθαι
1152 699 1184 737 τε
1198 684 1244 735 καί
1258 683 1296 748 μή
1313 686 1372 733 101.

846 755 879 807 τό
903 756 1049 820 γινόμενον
1070 755 1110 807 δι’
1127 757 1208 820 ἡμῶν
1226 751 1305 824 (ὑπὸ
1323 756 1375 818 τῆς

846 823 1032 898 εἱμαρμένης)
1046 830 1096 879 112
1111 823 1130 876 l.
1145 831 1170 881 3.
1195 821 1311 878 reicitur
1326 823 1374 875 de-

846 895 936 950 finitio
955 903 1046 951 ταῦτα
1064 898 1115 963 ἐφ’
1128 899 1202 963 ἡμῖν,
1222 896 1263 948 ῶν
1277 897 1323 948 καί
1337 896 1373 947 τά

846 968 1021 1034 ἀντικείμενα
1039 968 1180 1033 δυνάμεθα
1197 965 1280 1020 1201.
1298 973 1312 1018 1
1328 966 1374 1018 vel

846 1039 970 1093 ἐξονςίαν
980 1042 1036 1106 ἔχει
1048 1043 1100 1105 τῆς
1111 1038 1241 1105 αἱρέςεως
1249 1040 1294 1091 καί
1303 1036 1372 1103 πρά-

846 1113 914 1164 ξεως
936 1117 995 1164 τῶν
1014 1111 1211 1176 ἀντικειμένων
1230 1111 1246 1162 ό
1265 1110 1373 1174 ἀνθρω-

845 1198 898 1235 πος
923 1180 1010 1235 1121,
1033 1188 1056 1234 1.
1093 1180 1180 1234 immo
1203 1180 1232 1234 αἱ
1254 1181 1373 1243 γενέςεις

847 1254 917 1320 (τῶν
934 1253 1053 1320 τεχνῶν)
1072 1253 1123 1320 ἐφ’
1141 1255 1207 1319 ἡμῖν
1226 1256 1277 1305 123
1296 1250 1371 1303 120.

846 1324 879 1376 τό
897 1327 973 1377 ποιοί
990 1325 1027 1377 τά
1044 1327 1100 1390 ἤθη
1119 1322 1241 1388 γίνεςθαι
1259 1325 1304 1375 καί
1322 1323 1374 1374 τὰς

846 1396 913 1449 ἔξεις
931 1397 1077 1462 κτήςαςθαι
1098 1399 1157 1449 130.
1189 1393 1297 1462 (itaque
1315 1391 1373 1461 pri-

846 1484 922 1519 mum
941 1466 1026 1520 homo
1046 1465 1151 1533 eligere
1164 1462 1295 1518 habitum
1310 1465 1373 1533 ρού-

846 1541 903 1603 est,
931 1537 1031 1591 deinde
1057 1537 1103 1590 vel
1129 1535 1202 1591 bene
1224 1536 1270 1589 το]
1297 1534 1374 1588 male

846 1624 930 1675 agere
953 1606 1011 1661 iam
1034 1625 1090 1662 non
1113 1609 1226 1676 potest.)
1259 1610 1297 1660 et.
1312 1605 1374 1659 fato

847 1679 942 1733 omnia
972 1680 1044 1732 fiunt
1071 1679 1101 1732 οἱ
1127 1679 1173 1732 est
1206 1676 1316 1747 ahquid
1344 1679 1375 1731 in

846 1749 928 1803 nobis
943 1756 985 1804 07.
1015 1751 1106 1804 καὶτὸ
1122 1751 1173 1817 ἐφ’
1190 1752 1255 1816 ἡμῖν
1274 1751 1320 1803 καὶ
1339 1751 1375 1802 τό

846 1823 913 1875 καθ’
925 1822 1091 1888 εἱμαρμένην
1106 1824 1220 1890 ςῳζεται
1236 1825 1297 1873 110.
1314 1826 1374 1874 109.

845 1894 977 1946 manente
1002 1891 1062 1946 fato
1086 1891 1196 1960 aliquid
1214 1891 1258 1945 est
1275 1891 1305 1944 in
1324 1892 1374 1945 ho·

846 1963 930 2017 minis
952 1963 1070 2017 arbitrio
1098 1962 1249 2017 120125.
1277 1960 1314 2015 cf.
1337 1964 1376 2016 τὰ

846 2033 873 2087 ἐξ
892 2038 973 2101 ἡμῶν
991 2036 1123 2100 γινόμενα
1141 2033 1377 2101 ςυγκαθεὶμαρται

848 2110 907 2161 110.
925 2108 960 2160 τὸ
969 2109 1035 2174 παρ’
1044 2110 1116 2173 ἡμᾶς
1125 2105 1302 2172 ςννείμαρται
1314 2110 1375 2158 115.

846 2177 880 2228 οἱ.
901 2177 1123 2231 adversariorum
1144 2179 1230 2245 ἀργός
1247 2178 1333 2240 λόγος

810 2247 1048 2314 ἐπιγίγνεςθαι.
1068 2249 1156 2302 contr.
1170 2251 1376 2316 προγεγονέναι

846 2325 889 2373 72.
916 2320 953 2372 ad
971 2323 1000 2373 ού
1018 2321 1083 2388 post
1101 2318 1159 2373 alia
1175 2320 1243 2373 fieri.
1263 2322 1286 2375 ἐ.
1301 2338 1376 2388 περι-

844 2397 951 2457 πατεῖν,
970 2392 1084 2444 ὀδόντες
1097 2389 1261 2458 ἱιιέοαὶἱὶιιιι,
1280 2393 1376 2456 γένεια

847 2461 1071 2516 adolescentibus
1101 2466 1151 2515 120
1174 2460 1192 2515 L
1220 2467 1264 2516 53.
1303 2465 1376 2517 κατὰ

846 2534 928 2600 φύςιν
943 2535 963 2586 ἐ.
979 2551 1032 2587 τινι
1046 2532 1065 2585 l.
1081 2538 1124 2600 54,
1143 2531 1178 2587 of.
1194 2532 1268 2590 166.
1285 2538 1373 2588 contr.

846 2605 1029 2671 αἱρουμένους
1046 2609 1167 2658 κτάςθαι.
1194 2605 1232 2659 τὰ
1249 2606 1335 2671 ὅμοια
1353 2607 1375 2659 ἐ.

845 2676 964 2745 προνοίᾳ
982 2682 1017 2730 25

811 2747 1031 2802 ἐπιόεκτικός.
1059 2753 1115 2801 πᾶν
1132 2749 1167 2800 τό
1186 2748 1208 2800 ἐ.
1226 2753 1280 2802 τού
1298 2751 1375 2813 γενέ·

847 2823 907 2872 ςθαι
917 2819 1037 2872 δυνατόν
1048 2819 1102 2872 ἐςτι
1112 2822 1155 2872 80.
1173 2821 1192 2886 ἡ
1203 2820 1284 2886 φύςις
1293 2822 1375 2886 ἡμῶν

846 2891 868 2943 ἐ.
883 2893 928 2943 καὶ
944 2895 996 2943 τού
1014 2889 1147 2957 χείρονος,
1167 2893 1255 2944 contr.
1271 2894 1375 2944 natura

847 2959 962 3014 deorum
988 2967 1046 3014 132.
1084 2962 1168 3014 ούόέν
1193 2966 1253 3014 τῶν
1282 2963 1375 3015 ἀλλων

846 3034 928 3100 Ζῴαιν
952 3033 1102 3098 οὐδετέρου
1125 3033 1237 3085 τούτοιν
1261 3033 1376 3100 (ἀρετῆς

847 3106 891 3156 καί
910 3102 1016 3171 κακίας)
1036 3104 1057 3157 ἐ.
1079 3108 1129 3156 136
1185 3129 1189 3135 ·

234 3174 278 3226 ἐπί
300 3178 359 3227 τῶν
382 3176 454 3225 θεῶν
478 3174 529 3225 ούκ
553 3173 608 3226 έςτι
630 3175 664 3226 τό
686 3175 758 3227 εῖναι
813 3175 993 3242 [ἐπιδέχεςθαι
1010 3193 1037 3243 ρ.
1058 3176 1121 3242 700]

233 3249 357 3297 τοιοοτοι
369 3248 428 3296 132.
447 3244 484 3296 τό
499 3244 758 3309 ἐφ’ήμῑν,ιιοαὶια
811 3246 970 3312 ἐπιθυμία
988 3247 1076 3300 οοιιέτ.
1095 3241 1222 3312 λογιςμός
1242 3250 1294 3299 118

235 3316 377 3380 πολύαινε,
403 3312 523 3367 liberum
541 3312 664 3368 hominis
683 3315 758 3369 arbi·
812 3317 976 3384 ἐπιπλοκὴ
996 3318 1174 3384 ἀπαράβατος
1192 3322 1236 3373 33.
1274 3319 1296 3370 ἑ.
1315 3323 1375 3371 τῶν

234 3386 326 3440 trium.
346 3390 691 3440 23.100.100,110.122.
715 3388 758 3440 οιί
848 3394 939 3455 μερῶν
972 3389 1163 3455 ςυνηρτημένη
1192 3392 1235 3440 44.
1273 3405 1374 3442 causae

234 3455 343 3524 aliquid
362 3455 392 3507 in
412 3456 493 3508 nobis
514 3461 556 3508 07.
595 3455 635 3508 nil
659 3456 756 3510 volun·
847 3475 933 3513 eausa
950 3475 1022 3512 nexa
1040 3465 1083 3513 43.
1103 3457 1138 3512 ef.
1158 3459 1251 3526 εἱρμός

234 3528 288 3582 tati
311 3527 423 3579 nostrae
447 3524 577 3579 relictum
599 3542 658 3580 esse
677 3527 757 3582 reici·
812 3530 938 3599 έπίςης,
958 3531 1069 3585 κατίςον
1089 3530 1155 3584 721.
1171 3536 1213 3585 27.
1236 3535 1372 3585 135137.

234 3602 280 3652 tur
305 3596 449 3650 120123.
487 3596 515 3650 αἱ
538 3599 633 3664 ἀρεταί
662 3602 706 3652 καί
730 3600 758 3653 αἱ
847 3600 881 3654 οἱ.
902 3601 1005 3668 ὁμοίως

235 3668 324 3721 κακίαι
342 3669 393 3734 ἐφ’
411 3671 476 3734 ἡμῖν
492 3667 574 3722 1201.
590 3674 614 3735 8,
631 3670 756 3724 01155.
813 3674 976 3740 ἐπιςτήμη
996 3672 1030 3727 of.
1050 3674 1183 3741 φρόνηςις

234 3744 251 3807 ἡ
270 3744 329 3819 τῶν
353 3740 461 3805 ἀρετῶν
476 3739 613 3818 ,κτῆςιςλ
634 3747 676 3795 60.
710 3742 756 3796 ού·
812 3745 948 3799 ἐπιςύνό
959 3762 1024 3800 εςις
1037 3745 1249 3812 ἀπαράλλακτος
1257 3749 1301 3798 42.
1317 3746 1373 3814 (καί

235 3825 325 3864 οαοειο
353 3813 448 3862 nostra
474 3826 503 3862 ιιι
530 3814 671 3878 potestate
697 3818 755 3867 147.
846 3818 979 3883 ςυνέχεια)
992 3821 1051 3870 τῶν
1065 3815 1162 3869 αἰτίων
1176 3821 1219 3870 58.
1235 3820 1278 3869 50.
1306 3817 1371 3871 add.

234 3882 267 3935 τό
286 3886 445 3947 περιπατεῖν
460 3886 518 3933 110.
537 3883 571 3934 τό
585 3888 681 3948 μαθεῖν
697 3890 756 3938 111.
845 3889 921 3942 τάξις
948 3890 993 3941 καὶ
1021 3888 1043 3940 ἐ.
1072 3887 1251 3954 ἀπαράβατος
1275 3887 1337 3940 Aet.
1360 3885 1374 3937 1

120 3951 123 3954 ’
234 3950 426 4018 ἡπροαίρεςις
445 3957 503 4006 111.
540 3955 678 4022 ήαὶρεςις
697 3961 757 4024 127,
847 3962 890 4026 28,
913 3964 938 4026 4,
958 3957 993 4012 cf.
1013 3957 1089 4012 Suid.
1104 3975 1126 4010 s.
1145 3976 1171 4012 v.
1191 3957 1341 4025 εἱμαρμένη

236 4027 323 4076 contr.
338 4024 382 4076 ἐπὶ
392 4021 489 4090 (ἱιιιιαο
504 4025 546 4089 ἐν)
557 4031 592 4093 τῇ
607 4026 756 4094 εἱμαρμένη
811 4031 1053 4096 ἐπιτηδειότης
1066 4032 1111 4082 καὶ
1121 4029 1236 4095 δύναμις
1247 4029 1327 4083 1201.
1337 4035 1371 4083 47

234 4097 252 4160 ἡ
281 4094 419 4159 ἀπόβαςις
461 4094 562 4149 electio
590 4095 666 4152 ιὶἱιιο
696 4104 754 4153 131.
812 4103 1076 4168 ἐπιτηόέςτερον
1095 4107 1128 4153 21

235 4165 299 4220 add.
322 4167 398 4219 ιοοὶο
425 4166 537 4220 vivendi
564 4168 644 4236 optio
671 4187 757 4238 penes
811 4173 1021 4240 ἐπιφάνειαι,
1041 4172 1069 4225 αἱ
1086 4176 1145 4225 τῶν
1164 4176 1238 4226 θεῶν
1256 4178 1292 4226 00

235 4254 285 4290 nos
304 4240 348 4291 est
365 4235 460 4292 Chalc.
480 4243 539 4292 103.
560 4244 620 4294 170.
647 4242 757 4309 ήὸρμή
811 4244 951 4309 ἔςχατον
979 4243 1068 4297 αἱτιον
1096 4245 1148 4296 ούκ
1175 4244 1230 4297 ἐςτι
1259 4250 1307 4311 50,
1336 4241 1371 4296 cf.

238 4314 296 4362 101.
325 4312 343 4376 ἡ
363 4310 429 4370 καθ’
447 4311 536 4377 ὁρμὴν
554 4311 678 4378 ἐνέργεια
698 4318 756 4366 101.
846 4320 961 4382 πρῶτον

235 4381 269 4433 τό
284 4381 334 4447 ἐφ’
347 4383 413 4447 ἡμῖν
432 4381 486 4434 ἐςτι
504 4382 642 4449 ἐνέργημά
655 4401 681 4437 τι
697 4389 756 4439 101.
812 4388 1054 4454 εύαναλήπτιιις
1067 4384 1137 4453 πρός
1151 4384 1250 4441 κακίαν
1263 4389 1372 4454 ἐχουςιν
