2784 4846
547 105 727 177 Chrysippea
1161 104 1225 170 749

25 274 94 345 ’τὸ
115 272 190 338 αι’ττὸ
208 272 367 354 βούλεται.
398 270 439 338 οὐ
461 270 535 351 γάρ,
563 269 613 336 ότι
635 267 742 335 πάντα
764 269 851 356 αὐτῷ
875 271 916 335 τά
934 269 1013 349 μετά
1030 274 1131 336 ταῦτα
1154 267 1227 337 καθ’

26 422 30 433 ,
52 363 243 445 εἱμαρμένην
261 363 456 443 ςυμβήςεται,
481 362 575 439 λέγει,
594 358 670 424 ἀλλ’
689 357 738 423 ότι
756 359 828 424 κατ’
847 359 988 440 ἀνάγκην
1003 360 1091 445 αὐτῷ
1110 359 1225 445 <τινα>

56 454 245 533 ςυμβήςεται.
287 452 392 532 ἡγὰρ
415 455 475 515 τοῦ
498 447 597 514 ‘acca’
622 451 770 529 διαςτολὴ
794 449 823 512 τί
851 470 930 515 ποτε
955 450 1066 529 ἕτερον
1089 453 1108 530 ἢ
1127 454 1225 514 τοῦτο

60 541 206 623 ςημαίνει;
230 540 392 606 πολλὰδὲ
411 538 483 605 κατ’
501 538 644 618 ἀνάγκην
662 539 745 617 ἡμίν,
765 537 792 603 εί
811 539 916 619 καὶμὴ
931 539 1045 618 πάντα,
1065 539 1224 606 ἐπίκειται.
1239 556 1266 597 35

62 631 163 698 καὶτὸ

8 726 28 757 ''·
144 717 269 798 ’μοῖραν
288 715 325 782 δ’
346 717 475 783 οὔτινά
494 738 574 797 φημι
592 717 803 796 πεφυγμένον
822 715 952 794 ἔμμεναι
971 714 1111 796 ἀνδρῶν’

8 821 24 859 τ’·
68 806 164 888 ἀρατα
180 806 311 886 εἴρηται.
347 807 394 871 τίς
417 808 478 885 γὰρ
503 806 543 871 ἀν
566 807 697 870 δύναιτο
719 806 760 870 τά
784 803 856 869 κατ’
875 804 1016 884 ἀνάγκην
1035 807 1130 870 παντί
1152 807 1225 890 Ζῴω

8 908 30 946 «ῑ
70 901 269 976 ςιηκυραθντα
292 900 477 976 διαφυγεὶν;
502 895 579 960 τίνετ’
605 895 665 974 οὐχ
688 893 779 958 όπως
807 895 980 973 ςύμψηφον
1008 894 1048 958 ἂν
1076 894 1145 973 ἔχοι
1167 897 1226 960 τὸν

12 976 32 1035 ά
70 986 195 1065 Ὅμηρον
214 986 398 1064 Χριίςιππος
417 985 453 1049 ἐν
471 989 518 1068 τῷ
537 983 654 1048 ’πάντα
673 983 746 1048 καθ’
765 983 956 1063 εἱμαρμένην
969 982 1119 1060 γίνεςθαι’
1139 983 1223 1062 νομί-
1238 1001 1266 1041 ω

9 1085 32 1127 ³¹<
72 1078 132 1153 ἱειν,
147 1073 227 1139 ἀλλὰ
245 1074 296 1137 καὶ
314 1074 570 1152 ἐναντιούμενον,
590 1072 619 1137 εί
636 1094 674 1150 γε
693 1075 817 1138 ἐκεῖνος
832 1075 899 1152 μέν,
918 1071 968 1137 ότι
985 1073 1091 1136 πολλὰ
1105 1073 1225 1149 γίνεται

74 1161 137 1241 παρ’
152 1164 244 1242 ἡμᾶς,
267 1165 379 1242 ςαφῶς
401 1163 452 1226 καὶ
476 1161 629 1227 πολλάκις
653 1161 771 1245 εἴρηκε,
795 1162 832 1227 τό
852 1160 893 1241 δ’,
912 1161 963 1226 ότι
982 1162 1062 1226 κατὰ
1083 1161 1225 1241 ἀνάγκην

16 1296 20 1301 -
75 1249 161 1315 πάντα
177 1251 347 1334 ςυμβαίνει,
369 1251 512 1330 οὐδαμοῦ
531 1250 634 1330 ῥητῶς
654 1251 693 1314 ἂν
712 1250 854 1330 εὑρεθείη
875 1254 988 1328 λέγων.
1020 1251 1135 1335 καὶτῷ
1155 1273 1224 1316 ποι·

75 1345 120 1423 τμη
135 1341 187 1418 μέν
203 1339 261 1405 ἅτε
280 1340 320 1405 οὐ
344 1341 403 1419 τήν
426 1339 578 1419 ἀλήθειαν
600 1341 675 1419 ἡμῖν
697 1346 754 1419 τῆς
778 1343 844 1404 τῶν
867 1340 974 1405 ὄντων
992 1339 1120 1419 φύςεως
1138 1339 1224 1404 ὑπις-

9 1484 23 1529 ·÷
76 1431 218 1512 χνουμένῳ
242 1428 327 1493 ἀλλὰ
348 1431 529 1512 μιμουμένω
553 1428 638 1507 πάθη
661 1450 696 1492 τε
721 1429 772 1492 καὶ
793 1430 854 1507 ἤθη
879 1430 929 1492 καὶ
953 1427 1048 1494 δόξας
1071 1428 1225 1494 παντοίας
1239 1446 1266 1486 ω

9 1540 49 1602 34,
76 1514 232 1595 ἀνθρώπων
251 1517 400 1597 ἁρμόττει
419 1518 573 1582 πολλάκις
591 1519 698 1581 καὶτὰ
714 1517 845 1581 ἐναντία
865 1519 979 1597 λέγειν,
999 1518 1169 1600 φιλοςόφω
1189 1520 1224 1582 δέ

76 1603 135 1670 τότε
159 1607 196 1671 τά
227 1607 358 1673 ἐναντία
390 1608 497 1683 λέγειν
531 1606 606 1671 οὔτε
640 1612 755 1690 ποιητῇ
783 1604 827 1669 δι’
863 1606 942 1670 αὐτὸ
970 1610 1066 1671 τοῦτο
1095 1613 1226 1687 χρῆςθαι

9 1684 48 1791 ξ’
76 1691 183 1775 τάττω
523 1768 529 1780 ,

12 1804 20 1813 -
614 1783 656 1849 Π.

146 1907 314 1990 Τεκμήριον
333 1910 370 1975 δὲ
389 1910 440 1975 καὶ
459 1909 540 1975 ἀλλο
560 1910 688 1989 ίςχυρόν
712 1912 825 1989 φέρειν
845 1909 1026 1988 Χρύςιππος
1047 1907 1148 1975 οἴεται
1167 1914 1225 1975 τοῦ

76 1991 220 2063 ένόπαςιν
244 1998 447 2079 εἱμαρμένην,
472 2000 531 2081 τὴν
553 2001 640 2065 θέειν
662 2003 728 2064 τῶν
752 1999 910 2063 τοιούτων
938 1997 1117 2077 ὀνομάτων.
1155 1997 1226 2079 ετήν

25 2136 31 2175 .·
75 2100 104 2145 τε
127 2085 178 2165 γάρ
207 2088 421 2166 πεπρωμένην
449 2091 691 2167 πεπεραςμένην
726 2087 797 2152 τινά
830 2107 925 2167 φηςιν
958 2086 1039 2153 εἶναι
1071 2090 1122 2151 καὶ
1154 2108 1224 2153 ςυν-

23 2192 31 2255 χ
75 2175 277 2254 τετελεςμένην
302 2176 463 2255 διοίκηςιν,
492 2179 551 2256 τήν
583 2198 618 2242 τε
649 2177 839 2256 εἱμαρμένην
868 2177 1035 2255 εἰρομένην
1063 2177 1134 2240 τινά
1162 2175 1225 2241 εἴτε

13 2270 28 2349 ἰ,ἰ
74 2257 105 2321 ἐκ
122 2266 187 2329 θεοίλ
207 2267 387 2345 βουλήςεως
413 2264 476 2330 εἴτε
500 2265 533 2330 ἐξ
555 2265 593 2344 ἧς
616 2268 655 2346 δή
675 2265 752 2330 ποτ’
771 2265 830 2331 οὖν
851 2266 961 2331 αἰτίας.
998 2263 1081 2329 ἀλλὰ
1099 2267 1149 2329 καὶ
1167 2266 1224 2329 τὰς
1249 2281 1263 2321 ⁵

73 2346 166 2429 μοίρας
186 2352 366 2432 ιὐνομάςθαι
388 2352 453 2418 ἀπό
481 2359 540 2419 τοῦ
569 2354 856 2437 [κατα]μεμερίςθαι
885 2355 935 2418 καὶ
959 2355 1225 2434 κατανενεμῆςθαί

10 2446 29 2517 1²⁵]
72 2452 132 2499 τινα
146 2441 231 2520 ἡμῶν
252 2442 373 2525 έκάςτιρ
394 2443 494 2525 (οὕτω
519 2444 554 2507 δέ
579 2446 629 2507 καὶ
651 2445 689 2507 τό
714 2444 819 2522 χρεὼν
838 2442 976 2522 εἰρῆςθαι
994 2445 1032 2506 τό
1050 2442 1225 2523 ἐπιβάλλον

10 2518 32 2615 ⁶2³,
72 2524 251 2610 καὶιαθῆκον
265 2532 346 2596 κατὰ
359 2533 418 2611 τὴν
432 2530 652 2616 εἱμαρμένην)·
667 2532 725 2596 τόν
739 2552 774 2606 τε
789 2531 923 2611 ἀριθμόν
937 2534 1002 2596 τῶν
1017 2536 1138 2611 μοιρῶν
1149 2535 1225 2596 τοὺς

71 2618 144 2689 τρεῖς
162 2619 336 2700 ὑποβάλλει
360 2620 510 2705 χρόνους,
534 2622 570 2685 ἐν
594 2621 642 2685 οἷς
667 2624 825 2685 κυκλεῖται
849 2621 889 2684 τὰ
912 2620 1016 2685 πάντα
1041 2622 1091 2685 καί
1115 2620 1159 2685 δι>
1178 2619 1225 2686 ὼν

16 2700 24 2807 ξ
71 2696 251 2789 ἐπιτελεῖται,
270 2711 322 2775 καί
340 2707 474 2787 Λάχεςιν
493 2711 552 2788 μὲν
570 2713 735 2789 κεκλῆςθαι
753 2710 841 2788 παρά
859 2710 897 2773 τό
914 2708 1087 2788 λαγχάνειν
1104 2710 1224 2794 ἑκάςτῳ
1239 2726 1266 2765 1⁰

10 2802 26 2855 ἰ
70 2786 103 2849 τὸ
122 2799 339 2879 πεπρωμένον,
363 2797 525 2876 Ἄτροπον
549 2799 585 2862 δέ
609 2799 749 2863 κατὰτὸ
774 2797 933 2876 ἄτρεπτον
957 2800 1008 2861 καὶ
1028 2797 1225 2875 ἀμετάθετον

18 2858 25 2931 ί
70 2879 120 2940 τοῦ
136 2891 287 2965 μεριςμοῦ,
308 2888 427 2952 Κλωθὼ
447 2887 483 2950 δέ
502 2889 591 2966 παρά
609 2889 647 2952 τό
667 2890 898 2964 ςυγκεκλῶςθαι
914 2888 964 2950 καὶ
979 2889 1171 2966 ςυνείρεςθαι
1185 2890 1225 2953 τά

29 3034 32 3041 .
69 2962 160 3036 πάντα
177 2976 227 3039 καί
245 2974 319 3052 μίαν
338 2975 446 3039 αὐτῶν
465 2978 662 3055 τεταγμένην
680 2977 751 3040 τινὰ
770 2973 852 3040 είναι
871 2974 1037 3042 διέξοδον.’

143 3068 240 3129 ταῦτα
258 3062 319 3142 γάρ
338 3065 443 3128 καὶτὰ
457 3066 582 3129 τούτοις
596 3067 801 3144 παραπλήςια
821 3069 977 3144 φλυαρῶν
999 3063 1225 3130 ἀποδεικνύναι

68 3138 118 3244 Ἦν
133 3149 165 3215 ἐν
182 3152 298 3216 ἅπαςιν
316 3150 458 3232 ἀνάγκην
477 3154 604 3232 νομίζει.
633 3156 702 3231 ἐμοὶ
722 3156 758 3217 δέ
777 3153 948 3232 θαυμάζειν
968 3153 1094 3231 ἔπειςιν,
1114 3155 1141 3217 εἰ
1160 3176 1224 3219 τοι·
1240 3171 1266 3211 1⁵

11 3310 18 3321 ὦ
68 3242 137 3336 αντα
161 3242 265 3317 λέγων
294 3240 353 3305 οὐκ
379 3241 535 3326 ᾑςθάνετο
565 3248 621 3322 τῆς
644 3243 761 3307 ἑαυτοῦ
787 3244 1021 3321 ματαιολογίας.
1060 3241 1139 3306 ἔςτω
1163 3244 1225 3323 γὰρ

26 3356 29 3363 ·
66 3330 179 3391 ῐαυταις
195 3334 266 3394 ταῖς
285 3330 424 3395 ἐννοίαις
447 3332 661 3410 κεχρημένου(
679 3334 756 3396 τοὺς
775 3331 979 3410 ἀνθρώπους,
1004 3333 1108 3397 καθὼς
1128 3333 1225 3397 αὐτὸς

68 3398 254 3496 ἐτυμυλογεῑ,
287 3420 328 3483 τά
350 3419 493 3498 ὀνόματα
521 3424 678 3487 τεθεῑςθαι
705 3422 745 3485 τὰ
772 3420 935 3499 ἐκκείμενα
963 3419 1158 3488 δοξάζοντας
1187 3423 1225 3487 τό

69 3515 266 3543 χρ...-

128 3575 158 3627 83
176 3574 254 3644 αὐτῷ
272 3575 348 3629 τινά·
368 3575 483 3646 αὐτῷθ
551 3582 587 3631 34
605 3578 670 3631 άςςα
689 3577 801 3647 (pr?)G
867 3582 901 3631 41
921 3579 1037 3631 ἐκεῖνος·
1056 3577 1120 3632 fort.
1136 3579 1224 3633 ἐκεῖνο

45 3631 290 3701 -46ά.π.καὶτά
308 3647 419 3702 QG·
439 3649 579 3716 ἁρμόττον
598 3651 633 3702 ἀν
652 3649 693 3716 εἴη
714 3650 813 3703 καὶτὰ
831 3650 932 3703 ἐλπ.
953 3648 1037 3718 vulgo

67 3766 76 3792 e
126 3709 156 3768 Π,
175 3715 274 3770 Ειιοεό.
297 3716 356 3769 PE
379 3717 424 3770 VI
437 3725 455 3773 θ
470 3736 499 3788 ρ.
515 3717 610 3774 2630
633 3723 677 3773 καὶ
707 3723 771 3786 μεθ’
794 3721 875 3787 ἕτερά
903 3737 969 3788 φηςι
997 3720 1223 3788 (θίοροιιίιιῐιιτιι)Ι

77 3786 213 3854 τἒὶμὴριον
227 3819 258 3828 -
275 3789 436 3855 ςυμβέβηκε’
457 3793 495 3859 (ρ.
509 3795 562 3845 265
572 3788 613 3858 C).
666 3796 680 3843 1
699 3797 751 3844 τοῦ
763 3836 768 3845 .
781 3835 786 3846 .
799 3792 982 3859 ,εἱμαρμένην
997 3791 1033 3845 G·
1054 3792 1127 3846 adde
1145 3795 1224 3860 εἶναι,

65 3847 109 3912 Τί(
124 3893 130 3907 ·
144 3896 171 3911 ..
191 3859 357 3929 εἱμαρμένης
379 3861 464 3930 vulgo
554 3868 571 3915 δ
594 3862 627 3928 ῆς
650 3865 684 3929 δὴ
712 3865 819 3916 ποτοὺν
838 3860 875 3930 G,
908 3864 941 3929 ἡς
969 3865 1003 3930 δή
1030 3880 1100 3917 ποτε
1129 3864 1223 3933 vulgo,

23 3974 26 3981 .
67 3913 217 3996 οίθτδὴπατε
236 3931 399 3987 Τδοοάοτεδ
415 3950 440 4001 p.
456 3936 530 3997 8λῖ
613 3938 629 3987 6
649 3933 802 4001 μεμερίεθαι
816 3933 933 3989 Τὶιοοά.·
949 3934 1175 4002 καταμεμερίςθαι

66 3986 123 4076 ίῗὸ
138 4004 227 4068 χρεὼν
243 4005 320 4070 παρά
342 4004 377 4056 τό
394 4003 474 4069 χρέος
493 4003 599 4058 Τδοοά.
619 4007 648 4057 εδ
666 4003 767 4073 Ζοίίοι,
790 4007 841 4059 τόν
860 4007 962 4073 χρόνον
984 4007 1053 4059 κατά
1074 4007 1107 4059 τὸ
1131 4008 1220 4072 χρεὼν
1243 4053 1244 4056 ,

66 4052 153 4138 Heme,
171 4073 205 4126 τὸ
225 4072 279 4126 del.
299 4072 417 4128 Vrsinus
490 4076 575 4129 θτόν
594 4091 637 4128 τε·
661 4077 712 4129 τὸν
732 4078 762 4130 δὲ
781 4075 898 4143 Theod.‚
922 4076 987 4130 fort.
1006 4079 1097 4146 τῷδέ
1116 4078 1223 4147 ἀριθμῷ

23 4174 26 4179 ·
66 4130 255 4199 fimum
329 4150 361 4198 10
380 4145 530 4211 λάχεςανίὶ
604 4151 636 4200 11
652 4148 802 4214 ἄτρεπτον·
823 4148 1030 4215 ἀμετάτρεπτον
1046 4149 1077 4202 G.
1092 4150 1223 4214 ἀμετάθε-

65 4212 108 4259 ῖῦν
121 4211 148 4266 J·
176 4215 351 4282 ἀμετάβατον
373 4216 437 4286 (16)
460 4215 565 4273 Theod.
649 4222 681 4271 12
708 4217 943 4283 ςυγκλώθεςθαιλ
1030 4225 1062 4273 13
1087 4221 1219 4275 διέξοδον

68 4270 137 4338 δάξαν
154 4285 260 4341 Τὶιοοά.
335 4291 368 4342 18
387 4287 541 4356 ἐκκείμενα·
562 4287 710 4358 ἐγκείμενα
727 4290 752 4347 θ
772 4290 859 4361 ιιιὶηο
932 4289 1048 4346 zm:
1069 4290 1112 4343 κδ
