2856 4852
616 270 794 343 chrysippus.
1229 270 1291 337 787

117 433 152 481 13
171 428 279 497 inqm't:
298 428 471 498 Chrysippus
563 436 595 483 14
613 431 673 497 fato
691 422 920 499 comprehensum:
945 430 1170 497 ευνειμαρμένον,
1191 429 1225 482 cf.
1245 402 1297 483 ads

114 497 208 582 fatuum¹
228 518 253 552 v.
270 497 348 624 19έ20
438 506 472 554 23
491 500 550 567 fato
564 501 709 585 Erpsmus:
728 501 851 582 faciestdi
940 505 975 554 24
993 501 1084 556 dicam
1102 501 1131 554 ού
1150 499 1230 572 25126
1248 518 1293 556 αω-

113 571 216 638 phem,
238 587 275 624 sc.
315 586 409 626 enses.
492 577 525 625 29
545 573 612 627 νιτίιι
630 571 686 627 ἀεί.
704 571 819 627 Ὲλαλτοιί

75 713 99 776 'l
210 720 290 780 Plut.
319 716 345 782 εἰ
372 717 392 796 ἡ
420 681 487 782 τῶν
514 717 701 796 μελλόντων
734 717 913 797 πρόγνωτιτ
946 715 1108 796 ὠφέλιμα(
1136 722 1171 778 fr.
1196 721 1294 781 XV3

116 800 357 889 (Stob.Anth01.
376 810 407 869 Π
426 813 457 887 8,
473 813 513 871 25
533 832 561 887 p.
578 812 640 871 158
655 804 833 893 Washsm.):
865 806 902 872 ‘0
922 807 957 870 δὲ
979 800 1105 884 Νέετωρ
1125 805 1183 869 οὐκ
1202 804 1294 886 ἀβέλ-

116 914 227 972 τεροτ;
256 894 360 959 ὕπνου
389 899 524 975 φθονῶν
548 900 615 960 τοῖτ
638 896 695 960 τὰ(
718 901 796 960 ναύτ
820 894 1012 976 φυλάττοντι
1035 896 1086 959 καὶ
1114 894 1295 960 διακελευό-

117 1003 217 1061 μενος
251 1072 337 1137 οὕτω
361 1077 420 1138 νῦν
444 1073 524 1153 φίλα
546 1075 643 1138 τέκνα
666 1071 855 1153 φυλάττετε,
880 1075 958 1152 μηδέ
981 1071 1045 1137 τιν’
1067 1073 1168 1138 ύπνοτ
1311 1089 1324 1130 τ
1362 1040 1365 1046 ¹

252 1160 391 1241 αἱρείτω,
414 1164 454 1242 μὴ
479 1161 584 1243 χάρμα
607 1163 775 1242 γενώμεθα
798 1164 1022 1241 δυεμενεέττιν.

121 1283 181 1349 ὀύ
203 1286 402 1365 γενητόμεθα
426 1281 517 1372 (φητί
541 1285 611 1371 τις),
635 1285 709 1352 οὐδ’
733 1286 772 1351 ἂν
795 1288 1008 1365 καθεύδωμεν,
1033 1286 1060 1351 εί
1083 1288 1298 1366 πεπρωμένον

122 1375 186 1438 ἐετὶ
209 1377 250 1454 μὴ
275 1375 397 1439 ἁλῶναι
420 1376 479 1440 τὸν
502 1374 727 1453 ναύτταθμον.’
773 1376 820 1439 τί(
848 1375 905 1439 οὐκ
933 1375 973 1439 ἀν
1001 1375 1086 1439 εἴποι
1114 1377 1195 1456 πρὸ(
1222 1380 1298 1441 τούτ

121 1467 224 1527 ταῖπα
238 1467 425 1542 ληρούντατ,
443 1463 495 1528 ότί
508 1456 724 1544 “κάθείμαρται
738 1465 796 1543 μέν
809 1465 884 1529 ίεωτ
898 1463 1025 1528 ἅπαντα
1038 1469 1147 1545 ταῦτα,
1167 1473 1297 1542 ευγκαθ-

123 1552 269 1630 είμαρται
282 1554 318 1616 δὲ
334 1553 453 1636 ἑκάετῳ
469 1555 506 1616 τὸ
522 1554 575 1617 διά
588 1555 713 1618 τούτων
732 1555 782 1618 καὶ
800 1555 838 1617 τὸ
858 1554 894 1618 ἐν
908 1554 1034 1617 τούτοιτ
1050 1555 1101 1617 καὶ
1116 1554 1197 1637 <τὸ>
1213 1555 1299 1619 οὕτω
1314 1572 1340 1610 10

89 1704 97 1719 ,
123 1642 236 1705 καὶτὸ
261 1643 302 1720 μὴ
325 1640 433 1705 ἄλλως
456 1647 670 1708 τυντελεῖτθαι
693 1643 766 1721 δίχα
789 1644 927 1718 τούτων;
952 1642 991 1706 οὐ
1010 1643 1071 1721 γάρ
1090 1642 1153 1707 ἔττι
1172 1646 1299 1723 φυλακὴ

123 1729 350 1795 καθευδόντων
373 1731 450 1795 οὐδὲ
474 1732 542 1810 νίκη
567 1732 758 1812 φευγόντων
782 1731 858 1796 οὐδὲ
887 1731 1005 1809 θερίεαι
1033 1734 1073 1810 μὴ
1102 1733 1301 1811 τπειράντων

123 1821 182 1897 τὴν
216 1817 341 1898 ἀγαθὴν
368 1824 430 1899 γῆν
459 1823 510 1885 καὶ
538 1821 681 1900 καθαράν
709 1821 785 1885 οὐδὲ
818 1826 966 1900 γεννῆται
995 1823 1035 1899 μὴ
1066 1821 1301 1900 τυγγενόμενον

124 1909 250 1985 γυναικὶ
277 1909 401 1986 ἡλικίαν
429 1910 544 1993 ἐχούεῃ
574 1911 625 1973 καί
653 1911 797 1989 τώματοτ
825 1911 920 1989 φύειν
943 1909 1077 1988 γόνιμον
1100 1910 1177 1974 οὐδὲ
1201 1908 1302 1989 ἄγρα(

125 2001 237 2076 τυχεῖν
261 1997 298 2062 έν
321 1997 450 2077 ἀθήροιε
474 1997 628 2078 χωρίοιε’.
1316 2017 1341 2057 1⁵

217 2099 286 2154 411.
307 2102 327 2154 Κ
348 2099 424 2173 192s3
514 2107 581 2154 1-8
601 2099 757 2157 adversarii
775 2102 915 2170 locuntur,
934 2106 1021 2156 8-15
1041 2101 1212 2171 Chrysippus

126 2177 142 2225 8
160 2173 338 2238 ναύεταθμον
357 2170 470 2226 Cantor:
490 2174 646 2240 δύεταθμον
720 2179 753 2226 10
772 2175 806 2227 τὸ
825 2175 900 2227 οὕτω
919 2173 1040 2228 Vsener·
1060 2175 1135 2228 ούτω
1155 2172 1233 2226 codd.

127 2248 161 2296 13
178 2246 233 2310 τὴν
252 2244 362 2310 ἀγαθὴν
384 2248 451 2311 γῆνι
475 2243 540 2299 fort.
563 2249 618 2312 γῆν
636 2245 746 2311 ἀγαθὴν
854 2245 1068 2311 ευγγενόμενοντ
1092 2244 1301 2310 τυγγενομένων

126 2313 247 2381 Heeren,
265 2314 331 2370 fort.
350 2316 552 2382 (ογ-γενομένου

75 2475 112 2539 22
146 2500 151 2507 ·
217 2479 360 2542 Alcinous
379 2483 428 2541 vel
447 2482 585 2561 Albinus,
604 2479 821 2543 διδατκαλικὸτ
840 2502 864 2542 ο.
885 2486 939 2541 26:
982 2478 1017 2542 ‘H
1047 2478 1108 2557 γάρ
1132 2478 1302 2558 εἱμαρμένη

127 2563 229 2643 νόμου
253 2564 342 2631 τάξιν
366 2567 525 2647 ἑπέχουτα
548 2569 608 2646 οὐχ
632 2567 704 2633 οἷον
728 2569 829 2646 λέγει,
853 2566 934 2632 διότι
957 2566 976 2631 6
1000 2569 1057 2646 μὲν
1080 2567 1158 2631 τάδε
1180 2571 1303 2646 ποιήτει

127 2653 147 2716 6
170 2656 207 2718 δὲ
230 2653 308 2718 τάδε
332 2655 471 2720 πείτεται
495 2654 555 2743 (εἶτ
579 2656 712 2736 ἄπειρον
736 2659 796 2735 γάρ
820 2661 917 2721 τοῦτο
941 2654 1085 2734 ἀπείρων
1112 2658 1170 2734 μὲν
1198 2655 1303 2720 ὄντων

126 2746 194 2807 τιῖιν
222 2746 437 2823 γεννωμένων
464 2745 607 2826 ἀπείρων
635 2751 671 2811 δε
700 2749 766 2810 τιῖιν
798 2746 871 2824 περὶ
903 2745 1020 2809 αὐτοὺ(
1053 2744 1304 2825 ευμβαινόντων·

127 2831 285 2915 ἔπεκτα)
309 2834 421 2899 καὶτὸ
445 2834 502 2914 ἐφ’
524 2837 599 2915 ἡμῖν
623 2835 797 2916 οἰχήεεται,
821 2835 872 2898 καὶ
895 2833 1021 2899 ἔπαινοι
1045 2836 1096 2899 καὶ
1120 2834 1231 2914 ψόγοι,
1255 2834 1332 2898 καῖο

128 2924 194 2985 πᾶν
216 2922 256 2985 τό
278 2922 405 2987 τούτοις
427 2924 673 3009 παραπλήειον),
697 2923 780 2989 ἀλλὰ
803 2923 885 2989 διότι
907 2924 927 3003 ἥ
950 2944 997 2988 τι(
1021 2923 1061 2988 ἂν
1085 2924 1193 3002 ἕληται
1218 2924 1304 3002 ψυχὴ
1413 2954 1418 2963 ·

126 3014 280 3075 τοιοῦτον
305 3011 374 3091 βίον
397 3014 448 3077 καὶ
471 3014 548 3079 τάδε
567 3015 638 3079 τινά
656 3013 768 3097 πράξῃ,
792 3012 868 3078 τάδε
888 3013 960 3078 τινὰ
978 3013 1057 3096 αὐτῇ
1078 3013 1200 3091 ἕψεται.
1232 3012 1304 3076 ἀδέ-

128 3120 251 3164 εποτον
283 3100 342 3165 οὖν
369 3102 514 3182 ἡψυχὴ,
547 3105 598 3167 καὶ
630 3101 685 3166 ἐπ’
708 3102 787 3188 αὐτῇ
812 3103 869 3181 μέν
892 3103 930 3165 τὸ
950 3104 1064 3180 πρᾶξαι
1083 3103 1102 3180 ἢ
1123 3104 1171 3181 μή,
1196 3102 1246 3165 καὶ
1265 3103 1306 3181 μὴ

128 3188 512 3271 κατηνάγκαττακτοῡτο,
535 3193 573 3256 τό
597 3193 632 3255 δὲ
656 3191 818 3269 ἑπόμενον
836 3197 874 3276 τῇ
893 3190 1004 3269 πράξει
1023 3189 1097 3254 καθ’
1115 3191 1306 3270 εἱμαρμένην

127 3281 420 3358 ευντελετθήτεται·
444 3279 516 3344 οἷον
539 3286 585 3365 τῷ
604 3279 722 3359 ‘Uspe
745 3278 878 3360 άρπάτει
901 3281 959 3359 τὴν
978 3278 1123 3359 Ἑλένην’
1144 3279 1200 3344 ἐπ’
1218 3280 1306 3362 αὐτῷ
1321 3302 1348 3341 ιο

127 3365 200 3432 ὄντι
224 3366 433 3448 ἀκολουθήτει
456 3371 494 3433 τὸ
518 3368 742 3449 “πολεμήτουτι“
767 3369 930 3449 [Τρώεττι]
955 3370 1028 3448 περὶ
1051 3374 1107 3448 τῆ(
1129 3369 1257 3447 Ἑλένη(
1276 3367 1307 3431 οἱ

126 3455 310 3535 ”Ελληνεε’.
347 3458 433 3521 οὕτω
457 3458 517 3537 γάρ
541 3460 592 3522 καλ
615 3457 634 3522 6
658 3455 826 3523 Ἀπόλλων
849 3463 895 3542 τῷ
915 3458 1002 3542 Λαίῳ
1026 3463 1196 3537 προεῖπεν·

315 3581 347 3645 Εἰ
370 3583 432 3661 γὰρ
455 3584 622 3648 τεκνώτειε
645 3580 747 3662 παῖδ’,
770 3582 942 3648 ἀποκτενεῖ
965 3581 995 3646 τ’
1019 3582 1038 3646 6
1061 3583 1134 3662 φύε.

222 3704 328 3787 ἐντῷ
352 3712 455 3791 θετμῷ
485 3709 524 3787 δὴ
548 3710 729 3787 περιέχεται
752 3708 810 3786 μὲν
833 3707 884 3771 καὶ
908 3706 927 3770 6
950 3706 1047 3772 Λάῖοτ
1070 3707 1182 3771 καὶτὸ
1211 3711 1307 3787 φῦται

131 3791 233 3856 αὐτὸν
256 3797 365 3873 παῖδα,
389 3795 594 3875 καθείμαρται
617 3798 653 3860 δὲ
676 3797 713 3860 τό
738 3794 915 3874 ἑπόμενον·
1234 3858 1237 3865 ,
1321 3819 1346 3859 15

204 3917 220 3965 2
239 3914 312 3980 λέγει
331 3916 402 3969 διότι
421 3915 514 3971 αοάά.·
534 3919 624 3983 λέγειν
643 3919 686 3972 ὅτι
705 3916 789 3986 volgo
862 3923 879 3970 4
898 3918 1001 3971 αύτούτ
1018 3916 1113 3971 αοόά.’
1134 3919 1205 3971 αὐτὰ
1225 3918 1307 3986 volgo

131 3983 184 4037 sed
201 3982 274 4040 falso
348 3989 478 4042 όέπειτα
496 3988 581 4059 volg'o
600 3988 662 4044 fort.
682 3991 770 4043 recte·
797 3989 855 4042 ἐπεὶ
875 3989 954 4044 cod&
1029 3989 1134 4043 6διότι
1153 3989 1246 4045 codd:
1265 3990 1309 4042 ότι

130 4053 155 4109 εῐ
168 4071 211 4108 τι(
225 4057 260 4110 ἂν
274 4057 368 4126 volgo,
382 4059 478 4121 nescio
494 4077 531 4117 an
544 4065 631 4116 recte·
651 4062 713 4125 ἥτιε
728 4060 762 4116 ἂν
778 4059 856 4113 codd.
913 4067 929 4114 6
944 4060 978 4115 de
993 4061 1089 4126 ἕληται
1102 4065 1233 4114 τοιοῦτον
1248 4059 1308 4125 βίον

131 4123 168 4180 cf.
184 4125 237 4195 frg.
253 4132 395 4184 128-140
469 4133 587 4201 ῖπράξη
598 4147 628 4187 ν’
647 4132 743 4199 πράξει
812 4132 847 4185 de
862 4132 967 4201 ἕψεται,
983 4133 1119 4197 ἑπόμενον
1133 4135 1160 4200 (9
1171 4132 1200 4185 εί
1213 4137 1254 4198 15)
1273 4131 1309 4186 cf.

130 4196 186 4267 frg.
204 4203 253 4252 127
311 4205 342 4254 11
362 4202 481 4269 Τρώεετι
500 4220 552 4257 om.
568 4201 649 4257 codd.
663 4202 727 4256 mel.
785 4208 816 4255 12
831 4201 895 4256 Eur.
910 4203 1016 4258 Phoen.
1033 4209 1074 4272 19,
1090 4205 1124 4258 of.
1140 4200 1193 4271 frg.
1208 4209 1251 4272 94,
1268 4208 1309 4259 10.

75 4344 116 4411 23
225 4348 401 4427 Diogenian.
419 4351 457 4410 fr.
477 4354 505 4425 4,
526 4355 581 4413 39:
619 4347 738 4427 ἔπειτα,
759 4347 787 4411 εἰ
806 4349 856 4412 καὶ
875 4346 949 4414 καθ’
967 4347 1117 4414 ύπόθετιν
1135 4348 1175 4428 ἦν
1194 4347 1310 4427 άληθὲτ

131 4432 176 4496 τὸ
198 4429 253 4513 “δή
277 4437 336 4514 τὴν
359 4438 511 4516 μαντικὴν
533 4440 601 4502 τῶν
623 4436 810 4518 μελλόντων
833 4437 986 4503 ἁπάντων
1010 4436 1091 4503 εἶναι
1115 4439 1309 4518 θεωρητικήν
