2856 4852
140 246 205 312 764
652 247 806 306 INDICES.

140 411 249 479 βάροε.
282 412 315 465 τδ
342 414 365 476 β.
392 411 456 477 ἔχον
485 411 536 464 ούκ
564 412 701 479 έθιεθῆναι
756 413 924 480 δεύτεροι.
943 413 1135 479 τοῐεπρώτοιε
1150 431 1187 466 ευ

175 485 250 549 παρὰ
273 486 325 549 τὴν
349 483 437 535 αύτού
461 484 542 548 φύειν
570 485 629 536 ἀνω
653 485 701 549 φέ-

164 558 266 640 ρεεθαι
278 553 357 607 1291.
369 559 410 606 74.
427 558 449 619 β.
459 571 486 607 τι
497 556 638 619 βαετάζειν
649 560 698 607 141

162 642 204 692 ια,
226 624 277 691 vis,
296 639 380 694 saepe
398 625 513 678 reicitur

161 668 266 752 ιάίειν

176 842 262 905 καίβ
284 844 335 892 115

162 912 309 978 ιωφελήε
330 915 380 962 123

162 983 360 1036 ουλεύεεθαι
387 984 449 1048 περί
472 987 530 1034 τῶν
553 982 700 1048 πρακτέων

176 1059 235 1106 124
273 1055 309 1106 τὰ
328 1053 373 1106 διά
391 1058 442 1105 τοῦ
462 1057 485 1118 β.
505 1053 638 1118 γινόμενα
656 1054 701 1106 ἐπὶ

175 1131 216 1194 τιβ
241 1125 380 1192 ἀνθρώπῳ
402 1128 461 1176 101.
499 1125 529 1177 έν
553 1130 595 1193 τῷ
621 1127 643 1188 β.
666 1125 700 1177 τό

176 1197 227 1263 ἐφ’
245 1199 310 1262 ἡμῖν
331 1199 379 1248 101

146 1267 369 1333 βουλευτικόε.
397 1267 573 1331 βουλευτικόν
592 1269 665 1335 ζῷον
685 1268 700 1319 ό

175 1340 324 1405 ἄνθρωποι
344 1341 403 1392 125.
440 1339 473 1390 οὐ
501 1338 591 1403 μάτην
610 1337 636 1390 οἱ
655 1339 701 1390 ἀν-

176 1413 283 1476 θρωποι
302 1408 473 1473 βουλευτικοί
493 1413 543 1461 125

165 1484 246 1546 ουλη
270 1481 338 1533 Διότ
363 1504 396 1524 =
420 1480 569 1547 εἱμαρμένη
594 1485 628 1533 37
654 1480 700 1548 (cf

175 1552 245 1604 Ζεὺε
264 1551 352 1604 θέλων
372 1551 417 1619 38)

141 1624 298 1688 βούληειε
312 1626 377 1676 θεού
394 1627 436 1675 46.
459 1621 640 1691 providentia
654 1621 701 1675 dei

175 1693 315 1760 voluntas,
335 1693 434 1746 eadem
453 1693 538 1747 series
555 1710 701 1747 causarum

175 1763 264 1818 fatum
275 1769 317 1818 50.
339 1766 457 1831 πρόνοιά
473 1766 527 1818 έετι
543 1769 565 1830 β.
581 1770 647 1819 θεοῦ
658 1770 700 1817 50.

175 1836 308 1890 voluntas
328 1836 461 1904 cuiusque
475 1836 589 1905 propria
603 1841 646 1890 31.
666 1834 700 1888 cf.

176 1908 227 1973 ἐφ’
245 1909 311 1973 ἡμῖν

141 1984 221 2044 ροοι
241 1983 288 2031 ιιι
310 1976 355 2031 bis

139 2052 256 2115 γένεια
275 2051 357 2116 φύειν
379 2054 428 2103 129
448 2048 466 2102 1.
482 2054 517 2103 54

139 2123 268 2186 γένεειε
279 2126 320 2174 22.
333 2121 360 2174 αἱ
370 2122 487 2186 γενέεειε
495 2126 554 2177 τῶν
562 2124 701 2176 τοιούτων

176 2194 227 2259 ἐφ’
245 2194 310 2258 ἡμῖν
327 2190 410 2246 1291.
426 2198 468 2246 20.
494 2195 549 2260 πρὸ
568 2198 619 2261 τήε
636 2196 702 2260 ἡμε-

175 2265 257 2330 τέραε
281 2264 413 2327 γενέεεωε
440 2266 701 2331 κατηναγκαεμένον

174 2338 210 2402 ἠν
229 2337 344 2388 ἕκαετον
364 2339 415 2388 138

140 2405 314 2474 γεραίρειν
333 2411 366 2459 51

140 2480 177 2543 γέ
183 2495 249 2546 ρωτ
267 2477 373 2532 ἀξίωειε
392 2483 426 2531 55

141 2554 182 2617 γη
204 2555 228 2604 τ.
249 2555 289 2604 ιτ.
312 2554 352 2603 18.
375 2554 424 2602 ιιι
444 2548 463 2602 1.
479 2555 521 2603 οι.
542 2555 592 2603 ιιι

140 2621 315 2687 γίγνεεθαι
335 2623 378 2673 καί
394 2623 464 2674 εἶναι
485 2620 572 2675 1291.
592 2626 635 2674 21.
666 2622 701 2674 τὰ

175 2693 313 2757 γενόμενα
337 2693 571 2761 (παρεληλυθότα)
596 2694 641 2746 καί
666 2693 702 2745 τὰ

175 2765 326 2828 γιγνόμενα
340 2766 385 2816 καί
398 2764 434 2816 τά
447 2765 617 2830 γενηεόμενα
630 2765 701 2831 (μέλ-

176 2834 272 2902 λοντα)
293 2839 335 2886 49.
355 2839 397 2887 43.
433 2835 496 2888 add.
521 2835 615 2888 Chalc.
642 2839 700 2888 175.

176 2906 272 2958 ἀτελέε
289 2906 323 2958 τὸ
342 2907 493 2971 γενόμενον
513 2907 579 2959 εὐθύ
598 2913 639 2974 τῷ
658 2922 701 2968 γε-

176 2977 268 3099 νέεθιῖι
291 2976 369 3044 (quia
388 2976 538 3044 aliquando
558 2993 613 3030 non
636 2975 701 3045 fuit)

141 3126 262 3186 γονεῖε.
295 3121 406 3183 ἀγνοεῖν
426 3121 493 3172 τούε
511 3135 536 3182 γ.
556 3123 599 3172 94.
636 3117 700 3171 add.

177 3188 307 3245 educatio
325 3194 475 3258 parentum
495 3187 589 3242 Chalc.
610 3194 660 3242 160

66 3266 71 3278 ’
140 3261 274 3328 γωνίαι,
294 3261 322 3314 αἱ
341 3262 420 3314 έντδε
437 3266 489 3314 τοῦ
508 3262 647 3327 τριγώνου
668 3265 701 3313 64

142 3332 225 3387 δαίω
240 3359 274 3378 =
289 3331 389 3400 μερίζω
409 3337 452 3398 40,
471 3331 506 3384 cf.
526 3333 588 3384 αίεα

79 3448 82 3455 .
142 3405 303 3459 δεκτικόε.
338 3404 394 3468 ἔχει
417 3405 433 3456 δ
457 3404 604 3468 ἀνθρωποε
626 3403 701 3468 παρὰ

176 3480 227 3542 τῆ(
252 3477 361 3542 φύεεωε
386 3475 502 3538 δύναμιν
527 3475 584 3540 (καί
609 3474 701 3539 έπιτη-

177 3548 318 3612 δειότητα)
356 3547 483 3610 δεκτικήν
514 3548 565 3609 τῆ(
601 3545 702 3609 ἀρετῆε

179 3623 228 3671 129
247 3615 266 3670 l.
282 3621 324 3683 48,
340 3621 382 3681 52,
398 3622 439 3669 60.
471 3615 534 3669 αάά.
555 3615 702 3681 ἀνθρωπόε
733 3638 737 3643 ·

178 3690 231 3742 έετι
251 3692 323 3756 ζῷον
342 3687 454 3751 λογικόν
469 3687 573 3752 θνητόν
588 3688 632 3738 καί
646 3687 702 3738 έπι-

177 3761 281 3826 ετήμηε
300 3759 424 3811 δεκτικόν
440 3756 512 3810 Sext.
531 3757 593 3810 adv.
613 3757 700 3811 math.

179 3829 228 3883 VII
249 3834 309 3883 269.
344 3831 370 3896 [ό
390 3831 537 3895 ἄνθρωποι
555 3831 629 3897 Ζῷον
650 3870 654 3880 .
672 3867 700 3880 ..

178 3901 326 3968 έπιετήμηε
350 3901 474 3954 δεκτικόν
497 3902 557 3968 136]
583 3900 609 3953 οἱ
632 3899 701 3966 φρό-

141 624 169 691 β

140 701 317 833 ἓιαετικόε
346 768 453 834 ἀνάγκη
478 766 607 834 ἀκίνητα(
627 767 701 821 αἰτία
756 770 854 824 διάο.
879 785 942 836 gen.
966 770 1000 821 τὸ
1025 771 1064 821 δι’
1082 773 1177 837 ημῶν,

140 915 155 976 β

140 986 154 1047 β

791 485 826 537 τὰ
845 486 869 537 δ.
889 489 931 537 57.
960 484 994 536 cf.
1013 485 1047 536 τό
1066 490 1182 551 πρῶτον

791 554 926 609 αἰτιᾶιθαι
944 560 995 608 τού
1012 557 1096 620 μετὰ
1110 562 1187 608 τούτι

790 631 888 693 πρῶτα
903 633 962 679 τοί(
977 628 1045 692 μετὰ
1059 633 1149 681 ταῦτα
1164 646 1187 692 γι

791 698 864 751 αἴτια
882 697 987 763 γίνεται
1007 704 1039 751 72

791 840 949 907 ἀνθρώπου,
970 842 1014 893 διά
1028 846 1086 893 τῶν
1102 844 1184 909 Ζῴων

791 911 955 978 εἱμαρμένη(
962 913 1109 976 γινόμενον
1120 895 1178 965 109.

792 987 850 1036 107.
888 982 953 1037 add.
977 982 1136 1037 animorum
1159 1002 1187 1037 n(

790 1057 883 1108 motus
909 1052 957 1122 agi
981 1070 1032 1122 per
1055 1071 1106 1108 nos
1131 1071 1183 1122 age

791 1124 884 1178 Chalc.
902 1131 960 1178 161.
988 1125 1015 1178 αἱ
1035 1127 1187 1180 διὰτύινζι

790 1200 840 1263 τῆ(
859 1196 1027 1263 είμαρμήνηε
1046 1199 1187 1262 γινόμεναι

791 1269 836 1320 καί
858 1268 993 1333 ἐνέργειαι
1016 1268 1061 1321 ἐπὶ
1083 1275 1143 1320 τοῑε
1167 1272 1187 1323 Ζι

793 1344 842 1391 112
862 1337 880 1391 1.
897 1343 939 1403 34,
959 1338 987 1391 αἱ
1006 1339 1035 1391 έν
1054 1346 1095 1407 τῷ
1116 1340 1187 1403 κόεμι

790 1413 849 1476 γῆε,
869 1410 958 1476 ἀέροε,
977 1411 1072 1477 πυρόε,
1093 1413 1174 1479 Ζῴων

791 1479 809 1534 1
829 1485 872 1547 32,
891 1484 979 1547 ἡτού
999 1481 1103 1534 λίθου.
1120 1483 1187 1534 ,διό

791 1552 1187 1618 θου125.τάδιάτούβοι

790 1624 922 1688 γινόμενα
935 1624 978 1676 έπί
988 1629 1029 1692 τῷ
1040 1625 1180 1691 ἀνθρώπῳ

791 1709 811 1746 ο.
834 1711 891 1748 acc.
911 1710 962 1762 pro
982 1711 1043 1762 gen.
1071 1696 1187 1748 δύναταί

790 1770 849 1818 τῶν
868 1769 941 1818 θεῶν
960 1766 1004 1818 διὰ
1022 1766 1073 1818 τὰ(
1092 1766 1174 1832 εύχὰε

793 1841 852 1889 124.
879 1836 923 1889 διὰ
937 1838 1095 1903 θερμότητα
1111 1839 1187 1902 καίβ

793 1905 939 1962 112140.
975 1908 1020 1961 διά
1038 1911 1091 1974 την
1109 1909 1187 1975 πρόνι

791 1976 808 2032 l.
821 1984 863 2032 34.
884 1978 928 2031 διὰ
942 1981 994 2044 τὴν
1010 1980 1126 2044 δύναμιν
1136 1979 1155 2033 l.
1166 1984 1187 2031 4⁴.

791 2067 814 2115 ο.
834 2066 890 2103 acc.
911 2051 1047 2118 (propter)
1068 2052 1113 2103 διὰ
1135 2052 1186 2104 τόν

790 2139 844 2174 πον
864 2126 923 2187 136,
943 2120 977 2174 cf.
997 2122 1078 2174 ἕνεκα

756 2193 971 2258 διακόεμηειε
987 2197 1028 2245 16.
1042 2197 1082 2247 18.
1103 2196 1186 2261 διαεῴ

790 2265 824 2317 τό
842 2268 898 2330 πύρ
918 2262 955 2317 είε
974 2265 1043 2316 αὑτό
1063 2264 1187 2329 ἀναετοη

791 2337 815 2388 δ.
836 2340 876 2388 16.
911 2337 934 2388 δ.
954 2339 1012 2389 τῶν
1031 2336 1155 2401 ἀετέρων
1177 2342 1187 2387 1

756 2406 1008 2471 διαλαμβάνειν.
1038 2407 1187 2473 διειληφένι

756 2478 973 2544 διαμεριεμδε
996 2478 1066 2530 κατά
1085 2479 1136 2530 τά(
1155 2479 1187 2531 M<

756 2552 939 2615 διάμετρον
959 2553 993 2601 64

756 2622 973 2688 διαεῴζεεθαι
994 2625 1036 2686 16,
1056 2618 1090 2672 cf.
1111 2622 1187 2688 εῴζει

756 2693 905 2746 διάταξιε
918 2695 969 2743 τού
984 2691 1086 2756 κόεμου
1102 2693 1185 2759 διαεῲ

791 2763 875 2830 volgo
893 2762 968 2816 τάξι(

756 2834 941 2900 διαφέρειν.
969 2833 1072 2886 πάντεε
1095 2836 1175 2886 κακοί

791 2922 838 2971 εηε
856 2905 983 2970 ἀλλήλοιε
1005 2908 1143 2972 τοιούτοι,
1168 2907 1187 2957 ιλ

792 2976 933 3043 διαφέρειν
957 2976 1041 3028 ἀλλον
1065 2976 1150 3028 ἄλλου
1175 2982 1186 3028 1

790 3048 875 3113 τήνδε
893 3048 945 3113 τὴν
965 3047 1080 3110 δύναμιν
1100 3049 1185 3113 (δεκτι

790 3119 851 3186 τῆε)
866 3118 1040 3240 όάΙνθρωποε
1053 3122 1112 3169 τῶν
1127 3120 1187 3171 ἀλλι

756 3260 914 3326 διαφορά.
946 3262 963 3325 ἡ
988 3260 1037 3324 μέν
1062 3261 1142 3325 φύειε
1164 3261 1187 3311 οι

789 3331 905 3385 πάντων
929 3329 988 3383 ἀλλ’
1011 3331 1065 3395 ἔχει
1090 3332 1187 3397 διαφογ

790 3402 819 3455 in
842 3401 949 3457 naturis
974 3399 1118 3453 hominum
1143 3399 1185 3453 dis

790 3473 869 3527 dines
879 3473 992 3525 ουιι565.
1008 3471 1059 3524 has
1070 3470 1187 3524 dissimil

791 3562 824 3599 ex
838 3541 1030 3598 differentibus
1045 3541 1137 3595 causis
1153 3559 1187 3595 es:

792 3621 833 3670 65.
867 3613 894 3667 αί
919 3615 984 3666 κατ’
1002 3615 1075 3666 είδοε
1098 3617 1187 3666 τῶνί

790 3687 840 3740 τάε
857 3690 916 3739 τῶν
936 3686 1046 3751 φύτεων
1061 3686 1156 3737 αὐτῶν
1173 3688 1187 3737 δ

791 3775 865 3810 ουειν
886 3761 945 3809 112.
975 3758 997 3808 δ.
1018 3757 1048 3808 ἐν
1066 3762 1126 3808 τοῑε
1145 3756 1187 3809 αἰτ

792 3834 833 3882 72.
860 3842 1007 3880 causarum
1025 3825 1172 3879 distinctio

790 3897 922 3952 milihudo
942 3904 1000 3951 147.
1021 3896 1094 3950 αἰτία
1115 3900 1159 3950 καί
1180 3902 1187 3950 7

177 3988 250 4037 νιμοι
274 3973 386 4024 καὶτὰ(
405 3973 504 4039 ἀρετά(
523 3972 634 4037 ἔχοντες
653 3988 701 4037 μη·
757 3971 929 4037 διάφοροε.
941 3969 1187 4035 αίφύεειεέτεραιι

178 4042 381 4096 κέτέίείντύιν
392 4044 588 4108 ἀντικειμένων
599 4047 701 4094 κακιῶν
756 4042 933 4097 διδάεκειν.
963 4040 991 4092 αἱ
1008 4041 1187 4104 ὑποθῆκαι
1165 4059 1187 4092 τ

176 4121 236 4167 ταῑε
255 4116 366 4181 ἀρεταῑε
381 4114 499 4168 δεκτικοί
517 4112 600 4167 1291.
616 4119 639 4165 6
660 4114 701 4178 (ἐν

177 4187 329 4254 ἀνθρώπῳ)
342 4186 379 4238 τὰ
392 4187 504 4239 τούτων
518 4188 535 4251 ἢ
550 4189 608 4237 τῶν
623 4185 700 4236 ἐναν-

763 4127 904 4167 εκοντοε
923 4111 1076 4177 (τέκτονος)
1097 4115 1148 4163 129
1168 4110 1185 4163 l.

791 4185 877 4247 δακτη
896 4183 913 4247 ἡ
934 4183 1018 4247 ἀρετή
1038 4199 1064 4248 p.
1086 4188 1137 4233 700

176 4258 245 4311 τίων
256 4257 365 4311 δεκτικά
376 4258 452 4325 (έετι)
463 4263 521 4310 135.
536 4260 594 4308 τῶν
605 4258 700 4322 (θεῶν)
755 4252 957 4309 διδαεκαλία.
979 4253 1113 4305 αἱτιᾱεθαι
1130 4258 1187 4318 (τοι

177 4331 309 4383 δεκτικων
324 4329 415 4382 όντων
431 4330 539 4395 ἀρετῆε,
559 4328 592 4379 οὐ
607 4324 702 4378 κακία(

177 4404 220 4454 24,
239 4399 274 4454 cf.
294 4400 469 4467 έπιδέχεεθαι,
489 4397 666 4453 ἀνεπίδεκτοε

790 4325 886 4391 τὴνδ
908 4328 966 4376 111.
1000 4325 1037 4376 δι’
1056 4324 1187 4390 ἀεκήεεωι

791 4393 935 4449 δαεκαλίαε
958 4395 1090 4448 δεικνύειν
1114 4397 1168 4460 τὴν
