2856 4852
33 837 40 850 '
147 831 299 895 άναγκαῑον
317 833 411 886 ἕπεται
430 836 462 884 91

111 241 175 308 '176
232 301 234 304 Α
620 238 772 296 INDICES.

146 404 185 457 ιύς
213 403 356 471 κύλινδρος
383 405 454 457 κατὰ
485 409 609 471 πρανοθς
631 402 668 457 Μ.

147 476 247 528 Anton.
267 474 292 527 X
311 480 344 529 33

109 547 405 613 προαγορεύεςθαι
432 547 487 600 ὑπὸ
512 551 571 600 τῶν
596 551 669 600 θεῶν

149 622 208 685 138,
228 632 310 686 saepe
333 625 335 629 ’

111 688 360 755 προαγόρευςις
377 692 435 742 τῶν
455 693 549 742 κακῶν
563 693 605 743 95.
633 694 668 757 τῇ

145 763 205 814 τῶν
232 763 305 813 θεων
332 761 486 827 προγνώςει
513 762 558 813 καί
585 777 613 812 π.
636 760 670 812 τὸ

759 421 820 528 {olm
834 403 1062 527 'praescisionem
1077 407 1221 476 quandam
1236 408 1284 461 ad·

760 490 849 599 άιὲλ
870 476 1207 604 dedititii}
1225 479 1303 604 tt·

759 616 831 670 fiunt
856 616 945 671 causis
973 619 1204 674 antecedentibus
1230 638 1286 675 non

760 687 892 755 perfectis
916 691 945 743 st
968 689 1171 761 principalibus
1191 694 1286 761 (αύτο-

760 759 846 824 τελέςι
865 761 910 812 καὶ
923 763 1155 830 προηγουμένοις)
1171 763 1220 816 sed
1236 763 1285 816 ad-

760 829 922 883 iuvantibus
945 832 1101 898 (ςυναιτίοις
1124 834 1171 887 vel
1194 834 1297 902 ςυνερ-’

760 902 832 968 γοῑς)
851 904 880 954 et
898 901 1033 970 proximis
1052 906 1090 972 (π.
1110 922 1148 960 an
1167 923 1288 960 ςυνεκτι-

761 973 848 1041 κοῑςέ)
868 977 927 1029 144.
965 976 1138 1030 adsensionis
1157 975 1289 1047 proxima

761 1046 790 1097 et
818 1043 963 1098 continens
991 1061 1076 1101 causa
1101 1050 1144 1101 est
1172 1047 1202 1101 in
1226 1048 1288 1103 viso

111 905 387 970 προαγορευτική
420 903 526 970 (τέχνη)
554 905 572 968 ή
606 919 671 968 μαν-

147 975 209 1041 τική
229 977 280 1026 123
523 1036 525 1040 ,

112 1043 315 1113 προαὶρεςις.
339 1046 386 1112 ἐφ’
404 1047 469 1111 ἡμῖν
489 1045 551 1113 έςτι,
571 1044 601 1097 έκ
620 1045 672 1112 φύ-

149 1132 216 1170 ςεως
239 1118 283 1168 καὶ
306 1116 379 1170 ἐθῶν
399 1118 417 1182 ἡ
436 1133 464 1170 π.
483 1116 549 1169 ποιὰ
567 1115 672 1180 γίνεται
761 1113 853 1183 posita
872 1120 923 1168 146

151 1192 209 1241 111.
230 1192 264 1239 24
725 1186 941 1253 προλέγειν
971 1194 1028 1241 112.
1065 1189 1100 1243 τὸ
1127 1193 1289 1258 προρρηθὲν

113 1258 331 1326 προαὶςθηςις
349 1263 400 1311 τού
419 1259 604 1325 γενηςομένου
621 1263 671 1311 126
762 1258 847 1310 κακόν
866 1262 900 1310 95

113 1329 351 1397 προγεγονύτα
377 1330 463 1382 contr.
483 1331 672 1396 ἐπιγενόμενα,
726 1328 894 1395 πρόληψις
915 1335 974 1383 τῶν
992 1334 1066 1385 θεῶν
1085 1339 1224 1398 ςυγχεῖται
1243 1335 1291 1388 άν-

149 1403 393 1455 έπακολουθούντα
413 1405 445 1453 72
763 1400 928 1467 αιρουμένης
936 1405 987 1467 τῆς
996 1402 1129 1468 προνοίας
1139 1408 1164 1457 2.
1180 1406 1289 1471 ἡκοινὴ

113 1473 405 1539 προγιγνώςκουςι
429 1473 455 1526 οἱ
476 1474 536 1527 θεοὶ
558 1474 594 1525 τὰ
613 1473 672 1538 μέλ·
762 1489 790 1524 π.
805 1473 867 1537 περὶ
881 1476 932 1524 τού
947 1473 994 1539 ἐφ’
1007 1475 1072 1539 ἡμῖν
1084 1480 1143 1528 100.
1154 1473 1189 1528 cf.
1200 1493 1227 1544 p.
1238 1481 1291 1530 698

149 1547 234 1596 λοντα
253 1548 286 1595 91
476 1605 484 1619 x
727 1543 988 1608 προμανθάνειν.
1017 1545 1082 1598 ἐνὸν
1100 1551 1159 1599 τοῑς
1183 1547 1292 1614 άνθρύι-

113 1614 301 1681 πρόγνωςις
315 1618 373 1667 τῶν
384 1614 543 1680 μελλόντων
553 1619 595 1669 87.
614 1619 673 1667 τῶν
762 1630 837 1680 ποις,
865 1612 889 1666 εἰ
914 1616 1091 1683 προύμαθον,
1119 1617 1293 1684 φυλάξαςθαὶ

149 1689 223 1738 θεῶν
241 1689 273 1737 94
762 1702 789 1738 τι
810 1689 861 1736 124

113 1757 307 1823 προειδέναι
326 1759 393 1809 τοὺς
411 1759 492 1811 θεοὺς
510 1757 675 1823 τὰέςόμενα
727 1755 974 1822 προμηνύειν
1001 1759 1046 1810 καὶ
1073 1759 1291 1825 προγιγνώςκειν

151 1831 184 1880 91
196 1824 230 1880 cf.
241 1830 277 1895 μὴ
291 1829 421 1881 δύναςθαι
433 1830 484 1882 τὸν
498 1829 563 1882 θεὸν
574 1827 675 1882 εἰδέναι
763 1828 855 1880 πάντα
874 1830 907 1880 81

150 1898 242 1952 πάντα
260 1917 286 1967 p.
307 1902 359 1952 699
728 1903 896 1964 προνοεῖν.
916 1898 943 1950 οἱ
961 1900 1062 1952 θεοὶπ.
1077 1903 1102 1950 3.
1128 1916 1157 1952 π.
1171 1902 1243 1967 πρὸς
1256 1903 1290 1955 τὸ

114 1971 375 2037 προηγούμενον
391 1970 510 2038 (αἴτιον).
529 1975 585 2024 πᾶν
598 1972 633 2024 τὸ
646 1988 674 2023 π.
764 1970 895 2036 χρήςιμον
913 1970 984 2022 Ζεὺς
1001 1970 1102 2035 έκαςτα
1119 1975 1155 2025 48

149 2057 225 2094 τινος
252 2041 342 2094 αἴτιον
370 2041 486 2108 ὑπάρχει
512 2041 609 2110 έκεὶνῳ
633 2046 674 2095 59.
729 2040 872 2107 πρόνοια
893 2064 927 2084 ==
952 2039 1038 2095 οἰκεὶα
1065 2042 1205 2106 ἐπιμέλεια
1234 2045 1290 2110 (ἀν-

150 2113 242 2166 πάντα
259 2130 288 2165 π.
307 2115 374 2166 τιςίν
394 2111 491 2167 αἰτίοις
509 2114 540 2168 ἐξ
554 2113 676 2178 ἀνάγκης
765 2113 896 2178 θρώπων)
917 2116 967 2164 129
987 2109 1005 2163 l.
1025 2117 1067 2166 94.
1105 2131 1133 2166 π.
1155 2118 1222 2167 ceco
1246 2115 1290 2168 διὰ

152 2185 207 2237 έςτι
232 2187 290 2236 195.
333 2199 481 2237 causarum
510 2183 583 2238 aliae
611 2187 677 2237 sunt
765 2183 880 2235 πάντων
900 2183 986 2250 διήκει
1001 2188 1025 2236 8.
1053 2183 1232 2251 providentia
1249 2184 1288 2238 fa·

151 2255 292 2323 perfectae
312 2256 341 2308 et
361 2253 532 2324 principa-les
552 2257 676 2323 (αύτοτε-
750 2255 881 2320 tumque
905 2270 962 2306 una
980 2255 1035 2320 est,
1060 2272 1101 2323 pr.
1122 2254 1208 2310 series
1226 2273 1289 2310 cau-

151 2329 205 2380 λεῖς
229 2328 273 2379 rot
295 2327 368 2394 πέ),
397 2324 491 2380 omnia
519 2326 578 2380 fato
606 2326 677 2380 fiunt
766 2340 859 2377 sarum
884 2324 928 2377 est
950 2323 1040 2378 fatum
1062 2326 1288 2395 cognominatum

123 2394 130 2403 “
152 2396 244 2451 causis
264 2439 292 2450 ..
312 2413 368 2450 non
384 2398 524 2467 'perfectis
549 2400 578 2451 ct
601 2398 675 2466 prin·
766 2401 808 2450 50.
828 2397 907 2462 Ζεύς,
926 2396 1083 2464 εἱμαρμένη,
1099 2397 1288 2465 άδράςτειαι-

152 2466 291 2536 cipaiibns
318 2473 377 2521 144.
422 2471 508 2536 μηδὲν
540 2468 630 2536 μάτην
658 2471 676 2536 ἡ
765 2485 793 2522 π.
813 2471 855 2520 48.
893 2469 910 2534 ἡ
935 2470 1013 2534 κοινὴ
1037 2469 1117 2535 φύςις
1140 2469 1289 2537 εἱμαρμένη

152 2541 231 2607 φύςις
262 2545 334 2594 ποιεῖ
365 2546 424 2594 των
454 2541 677 2607 προηγουμένων
766 2541 811 2592 καί
829 2556 857 2592 π.
877 2540 922 2591 καὶ
936 2538 1006 2592 Ζεύς
1024 2540 1096 2593 ἐςτιν
1111 2544 1154 2594 37.
1180 2541 1214 2595 τὸ
1228 2544 1290 2607 ἡγε-

154 2616 213 2664 125.
253 2610 407 2678 principale
442 2616 560 2665 naturae
588 2612 677 2665 consi·
767 2610 881 2675 μανικὸν
903 2611 983 2675 καλή
1008 2611 1075 2664 ὅλου
1098 2614 1174 2678 ψυχὴ
1194 2614 1244 2666 ,καὶ
1261 2631 1289 2666 π.

152 2679 222 2734 lium
241 2686 276 2735 28
730 2713 731 2719 1
767 2681 932 2747 ὀνομάζεται
946 2682 1016 2735 Ζεύς
1030 2684 1075 2735 καί
1094 2684 1111 2749 ἡ
1132 2686 1210 2750 κοινὴ
1225 2683 1291 2737 πάν-

116 2754 388 2819 προηγουμένως
426 2755 463 2808 τὰ
490 2772 517 2808 π.
547 2754 678 2819 γινόμενα
767 2769 826 2805 των
862 2752 942 2818 φύςις
958 2777 961 2783 ·
977 2754 1021 2805 καί
1060 2753 1210 2821 εἱμαρμένη
1248 2756 1292 2808 rot

154 2828 213 2877 125.
249 2825 283 2878 τὸ
310 2825 487 2889 βουλευτικὸν
511 2829 584 2894 Ζῷον
608 2827 678 2878 εἶναι

152 2896 202 2949 τὸν
221 2896 370 2961 άνθρωπον
387 2913 415 2949 π.
436 2897 491 2949 sec
505 2901 556 2962 τῆς
570 2897 679 2962 φύςεως

152 2966 256 3032 γίνεται
277 2970 327 3019 125

117 3037 285 3106 προθυμία
309 3040 353 3092 καὶ
373 3041 478 3105 ςπουδή
497 3039 678 3105 έκτενεςτάτη

154 3109 307 3178 εἰςφέρεται
328 3114 378 3162 116

117 3182 422 3248 προκαταβάλλειν.
454 3181 678 3248 προκαταβέβλη-

153 3269 198 3306 ται
222 3252 337 3305 πάντων
360 3256 419 3305 τῶν
444 3252 618 3316 γιγνομένων
644 3252 680 3304 τὰ

154 3323 229 3376 αἴτια
252 3328 293 3376 76.
332 3320 463 3376 omnibus
487 3337 679 3390 quaecumque

767 2824 874 2888 ἀνάγκη
887 2827 928 2877 19.
951 2840 979 2878 π.
989 2825 1155 2891 πεύρύοπα
1169 2826 1240 2879 Ζεύς
1249 2831 1291 2881 40.

768 2892 814 2946 dei
832 2893 963 2947 voluntas
983 2899 1025 2948 59.
1063 2897 1135 2949 έοικε
1157 2902 1193 2965 τῇ
1215 2903 1290 2965 ψυχῇ

769 2970 810 3018 13.
838 2965 910 3019 Ζεύς
929 2965 1067 3033 ἀναχωρεῖ
1081 2968 1125 3021 έπί
1138 2970 1192 3034 τὴν
1206 2985 1234 3022 π.
1251 2973 1291 3021 13.

769 3037 864 3090 movet
882 3038 957 3090 astra
973 3042 1013 3090 11.
1038 3053 1082 3090 res
1097 3039 1236 3093 humanae
1250 3056 1292 3107 pr.

768 3108 961 3176 gubernantur
975 3114 1016 3162 26.
1041 3124 1206 3178 compagem
1221 3108 1293 3164 hano

769 3177 866 3232 mundi
877 3181 906 3233 et
919 3194 1007 3246 genus
1017 3179 1163 3233 hominum
1175 3179 1293 3236 fecitne.

769 3249 903 3302 mundum
930 3253 1045 3318 propter
1072 3250 1200 3305 homines
1226 3250 1295 3305 iecit

769 3325 812 3373 28.
835 3321 884 3374 ἐὰν
897 3322 933 3374 τά
953 3322 1034 3386 ὅμοια
1053 3323 1212 3390 ἐπιγένηται
1228 3341 1294 3390 προ-

153 3395 225 3447 fiunt
238 3409 336 3447 causas
352 3393 518 3447 antecedere
534 3397 594 3446 147.
613 3411 680 3460 προ-

768 3392 831 3460 νοίᾳ
851 3433 878 3445 ..
899 3397 933 3446 25

154 3467 378 3533 καταβεβλημένη
402 3465 477 3520 αἰτία
500 3469 542 3519 99.
580 3465 680 3530 άμετα-
733 3464 936 3532 προρρήςεις
954 3469 1013 3518 τῶν
1032 3463 1161 3528 μάντεων
1179 3469 1215 3519 88

154 3539 252 3591 θέτους
266 3539 336 3591 εἶναι
349 3538 399 3591 τὰς
409 3539 437 3592 έξ
448 3536 551 3592 αἰῶνος
559 3553 587 3588 π.
599 3553 623 3590 α.
636 3541 678 3589 45.
733 3535 1049 3603 προςονομάῑεςθαι
1068 3540 1102 3588 48
1243 3550 1246 3555 ·

155 3607 248 3663 omnia
278 3610 373 3676 (‚quae
393 3609 477 3674 fiunt,
509 3607 581 3674 fato)
609 3607 681 3660 fiunt
733 3608 911 3675 πρότερον.
927 3608 975 3659 καὶ
984 3611 1036 3659 τού
1051 3608 1088 3672 μή
1102 3608 1229 3671 γενέςθαι
1240 3625 1296 3662 τοι·

155 3679 245 3734 causis
257 3680 435 3748 antegressis,
445 3677 680 3733 antecedentibus

155 3754 194 3820 (et
208 3749 381 3819 necessariis)
394 3757 434 3806 ⁷7.
449 3754 582 3805 144.14o
608 3749 680 3804 nihil

771 3684 855 3732 οὓτος
877 3679 893 3730 ὁ
918 3678 1053 3744 φρόνιμος
1076 3678 1132 3743 εἶχε
1157 3679 1296 3746 πρότερον

770 3752 824 3816 τὴν
852 3747 976 3803 έξουςίαν
1005 3753 1064 3801 131.
1097 3746 1132 3802 cf.
1160 3751 1216 3816 πρὸ
1244 3756 1296 3804 τού

155 3821 214 3876 sine
229 3821 397 3890 praepositis
412 3820 503 3876 causis
514 3819 610 3876 evenit
622 3827 680 3876 144.
771 3825 900 3875 τοιοῦτος
918 3820 1043 3884 γενέςθαι
1062 3820 1118 3884 εἱχε
1133 3823 1178 3874 καὶ
1191 3827 1244 3874 τού
1259 3824 1296 3888 μὴ

154 3899 212 3947 τῶν
232 3894 369 3959 έςομένων
384 3896 435 3961 ὑφ’
448 3896 528 3960 ἡμῶν
542 3908 682 3958 προκατα-
771 3892 895 3956 γενέςθαι
905 3895 1034 3944 τοιοῦτος
1041 3892 1095 3956 τὴν
1109 3890 1235 3946 έξουςὶαν
1246 3897 1295 3947 132

155 3966 299 4031 βέβληνται
327 3963 354 4017 αἱ
382 3965 466 4019 αἰτὶαι
495 3969 555 4019 138.
582 3963 680 4019 adseri·
736 3962 941 4029 προτρέπειν
959 3965 1111 4029 πειρᾶςθαι,
1136 3961 1162 4015 οἱ
1179 3979 1296 4030 προτρε-

155 4034 246 4089 siones
261 4035 331 4089 fiunt
341 4037 432 4090 causis
443 4032 611 4105 antepositis
621 4040 680 4088 144.
772 4035 887 4098 πόμενοι
910 4034 955 4086 διὰ
977 4038 1035 4087 τῶν
1054 4034 1147 4097 λόγων
1166 4033 1297 4101 αἱρεῑςθαί

156 4112 205 4160 147
772 4121 835 4158 τινα
854 4105 986 4158 δύνανται
1005 4107 1055 4157 128

119 4195 292 4302 “⁹‘ii“'“²t'
299 4179 493 4306 newa
518 4182 611 4301 'tr
613 4178 681 4303 ⁶14¹}
736 4174 1295 4300 ’999119999219βὶ12·

155 4266 342 4388 dcetddipdiil
357 4269 413 4377 ior
436 4267 591 4385 ddiiciditc
609 4290 683 4374 αἱτὶα
737 4264 970 4386 πρὲύτξάρχειν
994 4262 1115 4370 δεὶγτγιὶιῐύ
1138 4288 1194 4385 ύφ’
1217 4320 1296 4385 ἡμῶν

156 4392 224 4445 ἀλλὰ
242 4410 270 4445 π.
292 4397 350 4446 145.
383 4393 442 4447 alia
459 4406 565 4460 genera
584 4406 683 4446 cause·
773 4389 928 4455 γινομένων
960 4389 993 4441 τὸ
1026 4387 1113 4442 αἴτιον
1147 4393 1188 4443 16.
1230 4406 1296 4456 προ·
