2856 4852
630 247 784 306 malcas.
1232 253 1295 319 767

156 411 215 466 sine
233 409 375 465 contrario
392 410 490 478 altero,
509 410 585 464 bona
598 410 680 465 malis

156 480 297 537 contraria
315 487 358 548 26,
378 481 412 536 cf.
432 501 460 550 p.
481 485 533 535 700

770 412 850 478 ῥῖψαι
873 413 918 464 καί
940 414 976 478 μὴ
996 414 1049 478 τήν
1069 413 1090 468 ἐ.
1110 387 1202 480 ἔχοντι
1222 412 1295 481 (fort.

771 482 874 547 ςχόντιλ
894 488 943 536 131

119 553 227 607 ἕνεκα.
260 554 398 618 όκόςμος
421 554 540 618 εύςτημα
559 553 590 605 ἐκ
607 558 680 607 θεών
735 551 867 606 ἔξωθεν.
897 555 937 606 δεῖ
955 559 1014 606 τοῖς
1033 554 1060 607 ἐξ
1080 553 1202 621 ἀνάγκη(
1219 556 1255 608 τὰ
1274 557 1296 608 ἐ.

155 626 200 678 καί
215 624 372 692 ἀνθρώπων
387 626 432 677 καί
445 625 498 693 (ἐκ)
512 630 572 677 τών
585 625 606 677 ἕ.
616 622 681 678 τού-

156 713 214 749 των
240 697 401 760 γεγονότων
421 701 462 749 17.
484 699 524 748 18.
561 694 681 748 mundus

157 767 201 820 dei
216 768 245 820 et
258 766 403 820 hominum
422 781 506 820 eausa
524 766 681 832 institutus,

157 839 291 892 mundum
320 839 435 907 propter
462 836 590 890 homines
614 835 682 891 feeit

157 908 336 978 providentia
353 915 397 963 26.
435 907 468 962 οί.
495 909 539 962 διά
562 910 613 962 τόν
636 910 681 961 ἄν·

156 985 270 1048 θρωπον
282 981 376 1034 πάντα
389 980 476 1034 τάλλα
486 980 610 1044 γενέςθαι
622 985 681 1033 136.

157 1052 255 1118 φλοιός
265 1053 286 1106 ἕ,
297 1056 348 1104 τού
362 1049 552 1118 περικαρπίου,
564 1051 598 1103 τό
608 1067 682 1117 περι-

155 1124 272 1189 κάρπιον
282 1127 334 1175 τού
344 1127 451 1189 καρποῦ
465 1123 545 1188 χάριν
555 1126 596 1174 62.
618 1122 680 1176 aaa.

156 1192 343 1262 Chrysippus:
372 1194 404 1246 ut
427 1192 511 1261 clipei
534 1208 618 1247 causa
641 1191 682 1245 in-

153 1264 310 1329 voluerum,
330 1264 460 1333 vaginam
476 1266 570 1317 autem
585 1262 682 1332 gladii,

156 1337 198 1389 sio
212 1337 326 1404 praeter
339 1333 475 1388 mnndum
485 1337 579 1388 cetera
589 1332 683 1388 omnia

154 1408 276 1460 aliorum
296 1423 381 1461 causa
401 1421 460 1459 esse
500 1407 626 1472 anenata,
652 1407 684 1458 ut

154 1495 205 1533 eas
236 1476 332 1546 fruges
364 1479 448 1544 atque
504 1479 584 1529 uetus
613 1492 683 1545 quos

154 1551 232 1603 terra
259 1546 354 1617 gignit
380 1547 565 1602 animantium
589 1563 682 1613 eausa,

153 1619 315 1675 animantes
342 1621 437 1673 autem
464 1618 623 1685 hominum,
652 1622 684 1672 ut

154 1708 260 1758 equum
293 1691 413 1745 vehendi
447 1706 547 1755 eausa,
586 1689 683 1744 arandi

154 1765 271 1829 bovem,
300 1761 422 1815 venandi
450 1764 480 1815 et
507 1760 684 1816 custodiendi

152 1851 254 1888 canem
275 1831 329 1888 Cio.
354 1832 380 1885 d.
401 1832 518 1886 d.n.11
541 1838 580 1896 14,
600 1838 634 1886 37

113 1905 265 1972 ἐνεργής
283 1906 320 1973 (ἰ)
339 1920 440 1958 causae
459 1903 612 1957 efficientes
631 1908 663 1956 77

115 1977 270 2043 ἐνεργώς
289 1978 334 2028 καί
353 1975 572 2043 ἀκαταςτρόφως
592 1980 624 2028 72

115 2048 246 2101 ἔννοια.
266 2048 329 2115 περί
339 2051 412 2100 θεων
427 2045 534 2100 ἐννοίας
548 2048 647 2112 ἐχομεν
660 2053 682 2099 1.

152 2125 216 2173 ταῖς
235 2119 256 2173 ἐ.
272 2119 437 2184 κεχρημένοι
452 2118 478 2170 οἰ
492 2119 634 2184 ἄνθρωποι
648 2119 684 2171 τὰ

154 2191 283 2256 ὀνόματα
302 2190 438 2243 τέθεινται
457 2191 492 2242 46

117 2262 238 2315 ἕνωςις
250 2266 303 2314 τοθ
318 2261 420 2325 κόςμου
435 2262 480 2313 καί
493 2266 551 2313 τών
565 2261 595 2313 ἐν
606 2262 683 2329 αὐτῷ

154 2333 314 2397 γινομένων
333 2347 365 2384 τε
384 2333 429 2385 καί
448 2333 540 2384 όντων
560 2337 593 2385 63

117 2402 332 2457 ἐξαναλίςκει
362 2406 379 2469 ἡ
403 2408 455 2456 τού
479 2403 581 2468 κόςμου
606 2405 683 2469 ψυχὴ

155 2474 196 2528 εἰς
215 2475 305 2541 αὑτὴν
323 2477 377 2541 τὴν
395 2475 465 2540 ὕλην
485 2480 500 2527 6

118 2545 195 2599 ἕξις.
221 2546 273 2613 ἐφ’
292 2548 357 2612 ἡμῖν
375 2546 409 2598 τό
427 2547 574 2612 κτήςαςθαι
592 2545 643 2598 τὰς
661 2546 682 2597 ἕ.

159 2622 219 2669 130.
253 2618 269 2669 ό
293 2617 429 2683 φρόνιμα(
446 2620 497 2682 τῆς
515 2617 536 2668 ἕ.
556 2618 601 2668 καί
620 2616 684 2682 κτή-

153 2705 227 2741 ςεως
248 2688 334 2740 αὐτὸς
357 2687 444 2740 αἴτιος
464 2692 523 2740 131.
552 2686 579 2739 αἰ
598 2688 619 2740 ἕ.
639 2687 683 2739 ἐπὶ

771 624 845 677 αἰτια
870 631 998 692 παρεῖναι
1018 630 1067 677 112
1088 622 1163 678 137.
1201 624 1231 679 vi
1249 643 1296 680 ex-

770 692 908 748 trinsecus
928 694 1045 749 excitari
1065 702 1123 749 147.
1153 696 1234 763 ἀρχαί
1252 699 1297 750 καί

771 763 855 819 αίτίαι
879 768 900 819 ἕ.
924 768 1215 834 προκαταβεβλημέναι
1236 773 1295 821 106.

771 837 807 889 τά
825 838 847 890 ἕ.
867 837 940 890 αἰτια
963 838 1033 904 πρὸς
1053 840 1107 904 τὴν
1126 840 1197 893 κατά
1215 841 1297 905 φύειν

772 906 875 974 κίνηςιν
889 915 930 978 τῷ
945 908 1013 978 λίθῳ
1028 913 1148 963 ςυντελεῖ
1163 909 1242 963 1121.
1255 915 1296 965 19.

772 977 813 1030 vis
833 995 904 1047 quae
924 981 958 1033 de
985 979 1045 1034 fato
1064 981 1234 1035 extn'nseens
1253 982 1297 1035 in-

772 1049 848 1117 gruit
863 1056 905 1104 30.
931 1052 966 1104 τὰ
986 1052 1007 1104 ἔ.
1027 1054 1071 1104 καὶ
1091 1054 1156 1105 καθ’
1172 1053 1297 1119 εἱμαρμέ-

771 1138 832 1188 νην,
844 1123 931 1175 contr.
941 1124 1012 1189 όρμή
1025 1128 1082 1175 110.
1100 1124 1297 1187 καταναγκάζει

771 1208 798 1244 τι
817 1194 838 1245 ἐ,
858 1192 1036 1261 ἀνθρώπους,
1056 1195 1144 1248 contr.
1163 1197 1180 1261 ἡ
1201 1196 1230 1248 ἐν
1250 1196 1297 1248 αύ-

772 1269 831 1317 τοῖς
849 1265 928 1330 φύςις
944 1269 1002 1318 134.
1032 1263 1067 1318 of.
1082 1265 1117 1318 τά
1132 1266 1211 1319 ἐκτός
1223 1282 1297 1334 περι-

773 1340 886 1402 εςτώτα,
906 1335 988 1403 αἴτια,
1008 1337 1094 1389 oontr.
1113 1337 1149 1390 τά
1168 1339 1218 1404 ἐφ’
1231 1339 1297 1403 ἡμῖν

774 1409 815 1459 73.
853 1405 983 1459 adsensio
1015 1405 1187 1462 extrinsecus
1215 1407 1298 1475 pulsa

774 1477 873 1545 suapte
883 1476 912 1530 vi
922 1479 952 1530 et
965 1479 1067 1531 natura
1078 1477 1239 1532 movebitur
1247 1484 1297 1534 147

738 1546 897 1602 ἐπαινεῖν.
918 1550 1084 1615 ἐπαινοῦμεν
1097 1552 1165 1604 τοὺς
1179 1552 1299 1604 ἀςθενεῖς

774 1621 823 1684 μὲν
846 1622 930 1674 ὄντας
951 1624 1004 1687 τήν
1023 1622 1103 1686 φύςιν
1122 1621 1299 1686 ὑγιαίνοντας

773 1691 804 1743 δέ
823 1692 868 1744 όιά
885 1695 937 1758 τῆς
955 1690 1057 1744 οἰκείας
1075 1692 1227 1757 ἐπιμελείας
1247 1699 1297 1747 129

772 1759 790 1816 l.
807 1767 848 1815 33.
884 1765 962 1828 ἡμεῖς
989 1763 1032 1816 ἐπί
1052 1765 1142 1830 κτήςει
1160 1769 1219 1817 τών
1237 1764 1299 1832 ἀρε-

772 1837 831 1886 τῶν
856 1834 1066 1901 ἐπαινούμεθα,
1079 1835 1166 1887 oontr.
1191 1835 1217 1888 ot
1240 1838 1299 1889 θεοί

774 1903 969 1972 μακαρίζονται
981 1909 1039 1959 132.
1060 1906 1124 1959 odd.
1134 1904 1228 1958 nullus
1239 1905 1298 1959 lau·

773 1975 857 2028 datur
867 1975 903 2028 ob
914 1974 1094 2044 adeptionem
1105 1975 1298 2044 secundorum,

774 2062 845 2113 quae
868 2045 899 2099 in
924 2045 1046 2100 hominis
1075 2048 1218 2116 potestate
1242 2065 1299 2101 non

774 2119 850 2182 sunt,
874 2118 927 2172 nisi
950 2118 1021 2173 forte
1046 2119 1161 2186 putatur
1183 2119 1297 2186 beatus;

773 2191 803 2241 at
826 2188 854 2241 in
878 2188 1014 2242 virtutum
1039 2189 1220 2244 observantia
1239 2190 1299 2244 iure

773 2260 921 2313 laudamur
944 2263 1096 2328 contraque
1121 2268 1237 2329 agentes
1257 2280 1299 2315 re·

773 2330 972 2399 prehendimur
983 2330 1075 2386 chalc.
1087 2338 1146 2386 164.
1161 2335 1213 2385 ούκ
1224 2334 1299 2386 ἐπαι-

772 2407 876 2467 νούμεν
894 2405 960 2456 τοὺς
978 2404 1071 2470 θεούς,
1096 2405 1138 2456 ότι
1158 2402 1300 2470 κρείττους

773 2473 864 2539 εἰςίνῆ
875 2475 941 2526 κατ’
951 2473 1081 2527 ἐπαίνους
1094 2477 1138 2527 καί
1152 2475 1187 2527 τὰ
1198 2492 1296 2542 κατορ-

773 2546 890 2609 θώματα
910 2549 968 2597 140.
1007 2546 1022 2597 ό
1042 2546 1190 2612 φρόνιμος,
1215 2545 1238 2598 εί
1262 2548 1298 2612 ἠν

773 2616 803 2668 ἐκ
830 2619 945 2681 γενετῆς
971 2621 1112 2683 τοιοῦτος,
1143 2618 1235 2669 ούκέτι
1263 2619 1298 2670 ἀν

773 2686 901 2755 ἐπῃνεῖτο
934 2687 977 2740 ἐπί
1004 2693 1046 2756 τῷ
1072 2693 1201 2741 τοιοῦτος
1228 2690 1299 2741 εἰναι

738 2756 924 2882 ἐπάἳιθνάτάίί.
955 2829 993 2882 τά
1017 2834 1076 2882 τιῖιν
1105 2834 1177 2884 θεῶν
1207 2830 1298 2895 ἀγαθὰ

774 2901 865 2965 μεῖζόν
883 2917 910 2953 τι
928 2905 986 2954 τών
1006 2901 1027 2953 ἐ.
1047 2902 1102 2966 ἕχει
1122 2906 1172 2954 132

156 2765 216 2812 τοῖς
230 2759 337 2824 ἐχουςιν
352 2759 431 2826 (ῆςαν
445 2758 499 2824 πρὸ
513 2763 564 2811 τού
579 2760 683 2825 λαβεῖν)

159 2835 210 2883 129
225 2829 244 2882 l.
256 2835 297 2882 12.
324 2832 376 2896 τὴν
391 2830 412 2882 ἕ.
428 2830 524 2895 μηκέτι
538 2829 618 2896 ἔχειν,
633 2830 684 2882 ούκ

157 2902 206 2954 ἐπ’
234 2902 312 2969 αὐτῷ
342 2905 401 2953 132.
444 2901 487 2954 ἐπί
519 2906 577 2954 τών
605 2901 684 2967 φύςει

156 2974 271 3038 πρώτας
298 2972 348 3025 τὰς
373 2973 394 3024 ἕ.
419 2972 582 3038 κτηςάμενοι
610 2973 684 3038 ἐνερ-
738 2971 876 3025 ἔπαινος
903 2977 945 3027 61.
972 2977 1013 3024 63.
1038 2977 1080 3024 64.
1105 2978 1147 3025 61.
1172 2977 1214 3026 70.
1239 2978 1299 3026 122.

157 3048 262 3108 γούμεν
283 3040 429 3096 129177.
467 3043 500 3094 οὐ
521 3045 574 3110 τὴν
593 3043 683 3110 όρατι-
775 3046 834 3096 129.
856 3048 914 3096 140.
943 3041 1036 3095 Chala
1058 3048 1108 3096 163

158 3116 211 3180 κὴν
230 3115 252 3167 ἕ.
272 3115 402 3180 κτώμεθα
425 3113 555 3166 πολλάκις
578 3113 685 3167 ἰδόντες
738 3113 1299 3183 ἐπακολουθεῖνκαίςυνῆφθαιίπαντί)

158 3183 230 3238 178.
253 3185 287 3237 τό
303 3184 503 3252 καθαρώτατον
513 3189 564 3238 τού
575 3184 684 3251 αἰθέρος
774 3186 813 3238 ώς
831 3184 910 3255 αἰτίῳ
929 3185 1026 3252 ἕτερόν
1044 3202 1071 3238 τι
1091 3191 1132 3239 72.
1165 3186 1255 3255 πάντῃ
1276 3188 1297 3239 ἐ.

159 3256 300 3322 κεχώρηκε
314 3256 359 3309 διὰ
375 3260 426 3322 τῆς
444 3259 496 3322 γῆς
513 3256 600 3322 αὐτῆς
618 3257 684 3309 καθ’
773 3262 815 3325 τῷ
833 3257 975 3325 γενομένῳ
994 3257 1092 3323 ἕτερόν
1110 3274 1136 3309 τι
1157 3261 1189 3309 72

160 3327 215 3380 ἕξιν
231 3332 254 3380 7.
274 3329 328 3393 ἤδη
345 3324 419 3395 (fort.
435 3328 494 3394 ἥδε,
509 3328 526 3392 ἡ
541 3329 630 3393 ψυχὴ)
646 3329 685 3381 δι’
738 3327 1003 3394 ἐπακολούθημα
1017 3329 1061 3381 καί
1076 3329 1227 3394 ςύμπτωμα
1239 3333 1299 3383 125.

160 3397 200 3450 ών
220 3399 259 3451 ώς
277 3398 331 3452 ἕξις
348 3398 507 3464 κεχώρηκεν
528 3403 560 3451 17
774 3399 795 3451 ἐ.
815 3397 861 3453 vel
879 3400 1095 3465 ἐπακολούθηςις
1115 3404 1147 3452 19

121 3467 264 3522 ἐξουςία.
283 3469 338 3536 πρό
347 3474 399 3522 τού
410 3470 547 3535 φρόνιμος
559 3469 685 3533 γενέςθαι
738 3470 953 3539 ἐπανορθοῦν
973 3474 1004 3523 61

159 3541 234 3606 εῖχεν
257 3541 284 3607 (ό
310 3541 467 3608 ἄνθρωπος)
486 3545 536 3594 τού
559 3541 684 3604 γενέςθαι
738 3541 969 3609 ἐπανόρθωςις
987 3546 1021 3594 56

158 3613 204 3663 καί
229 3614 265 3677 μὴ
290 3613 342 3677 τὴν
361 3612 382 3664 ἐ.
404 3617 462 3664 132.
501 3614 546 3665 καί
569 3617 620 3664 τού
647 3614 683 3678 μὴ
738 3612 1298 3681 ἐπανατροπὴντήςνοήςεωςτοθθεού

157 3682 283 3746 γενέςθαι
303 3683 439 3750 φρόνιμος
457 3689 528 3749 ςχεῖν
546 3685 684 3750 πρότερον
775 3689 943 3751 ςυγχωροῦςι
960 3700 987 3751 p.
1008 3689 1059 3737 699

158 3756 212 3820 τήν
236 3754 257 3807 ἐ.
284 3759 341 3806 131.
381 3752 514 3820 μηδεμίαν
540 3754 561 3807 ἐ.
585 3755 684 3820 ἔχομεν
739 3754 935 3809 ἐπελεύςεις
961 3754 1008 3808 vix
1028 3751 1199 3823 Chrysippus
1219 3753 1299 3823 dixit,

158 3826 232 3893 (νύν)
255 3830 306 3877 τού
331 3827 431 3891 πρᾶξαι
453 3826 520 3878 τόδε
538 3842 564 3878 τι
583 3828 628 3878 καί
647 3827 683 3893 μή
775 3827 809 3880 ef.
828 3827 898 3892 τύχη

160 3900 220 3948 106.
258 3898 302 3948 καί
325 3900 377 3948 τού
402 3898 438 3962 μὴ
462 3897 595 3964 πράττειν
614 3897 684 3949 αὐτὸ
739 3897 884 3950 ἕπεςθαι.
912 3902 947 3965 τῇ
969 3901 1027 3950 τών
1050 3901 1123 3950 θεων
1145 3899 1300 3964 προγνώςει

157 3969 212 4033 τὴν
231 3967 253 4020 ἐ.
273 3967 347 4035 (οὐκ)
367 3968 466 4032 ἐχομεν
482 3973 541 4021 107.
570 3968 590 4020 ἐ.
612 3968 684 4036 (ούκ)
745 3965 748 3971 ’
774 3969 807 4020 τό
827 3969 977 4032 ἀναγκαῖον
997 3969 1018 4021 ἕ.
1039 3972 1081 4022 91.
1110 3973 1165 4022 πᾶν
1183 3970 1217 4022 τό
1237 3971 1299 4023 έπό-

158 4039 215 4104 ἔχει
234 4040 249 4091 ό
269 4039 416 4104 ἄνθρωπος
434 4042 484 4104 τῆς
498 4039 626 4106 αἱρέςεως
640 4041 685 4091 καί
775 4040 859 4104 μενόν
881 4056 935 4092 τινι
958 4041 985 4093 ἐξ
1010 4039 1115 4092 ἐκείνου
1137 4043 1189 4106 τήν
1209 4039 1299 4094 αἰτίαν

156 4109 283 4176 πράξεως
314 4114 373 4161 τών
400 4110 596 4175 ἀντικειμένων
624 4115 683 4162 112.
774 4115 825 4163 τού
845 4112 915 4164 εἰναι
934 4112 989 4176 ἔχει
1008 4115 1050 4164 69.
1086 4111 1179 4164 πάντα
1203 4111 1301 4165 αἰτίοις

159 4181 337 4248 [προτρέπειν
348 4181 386 4233 ώς
395 4185 447 4232 τού
456 4184 572 4248 ποιεῑνῆ
584 4184 621 4247 μή
630 4183 684 4247 τὴν

158 4252 180 4304 ἐ.
190 4252 302 4318 ἔχοντες
310 4255 369 4303 128.
388 4253 479 4319 ἡπαρ’
487 4254 581 4305 αύτιῖιν
589 4253 611 4305 ἐ.
622 4252 683 4318 130]

159 4323 224 4376 οὐδ’
243 4321 331 4395 ἐ<πί>
348 4327 389 4391 τῷ
410 4323 497 4375 αὑτόν
518 4323 572 4376 ἀπὸ
594 4325 685 4389 ὕψους

159 4394 260 4461 ἀφέντι
277 4394 355 4462 (ἐςτί)
369 4395 403 4447 τό
421 4398 515 4461 ςτῆναι
529 4393 619 4448 καίτοι
632 4399 683 4447 τού

773 4183 824 4234 τιςί
838 4182 1036 4248 προγεγονόςιν
1050 4182 1077 4236 ἐξ
1092 4182 1215 4248 ἀνάγκης
1225 4184 1246 4236 ἕ.
1257 4189 1298 4238 72.

773 4253 809 4305 τά
835 4254 967 4319 γινόμενα
995 4254 1060 4306 καθ’
1083 4253 1248 4320 εἱμαρμένην
1277 4255 1299 4308 ἕ.

772 4329 832 4376 τοῖς
846 4323 942 4378 αἰτίοις
958 4329 1016 4377 103.
1042 4328 1100 4377 τών
1115 4327 1210 4378 αύτών
1224 4342 1298 4393 περι-

774 4396 930 4461 εςτηκότων
945 4393 1043 4449 αἰτίων
1056 4395 1163 4462 ἀνάγκη
1177 4396 1213 4449 τά
1226 4399 1298 4452 αότόι
