2856 4852
611 275 793 350 Chrysippea
1229 277 1296 345 691

106 446 303 508 omittemus:
321 445 454 524 itemque
472 443 509 507 de
528 447 645 508 duobus
663 445 857 508 Plutarchi
875 445 961 508 libris
981 447 1055 508 satis
1074 447 1215 525 utilibus,
1241 450 1294 527 qui

106 537 147 596 de
166 535 378 614 repugnantiis
397 533 565 597 Stoicorum
589 539 620 596 et
643 537 680 597 de
699 535 906 597 communibus
932 555 1034 596 eorum
1054 537 1172 598 notitiis
1191 538 1297 617 scripti

108 625 267 703 permulta
286 623 474 703 Chrysippea
491 626 540 687 vel
557 625 678 687 nomine
697 626 836 704 apposito
854 626 903 687 vel
917 617 1067 708 (quamvis
1081 617 1165 708 raro)
1185 626 1295 689 omisso
1380 695 1384 703 ,

110 713 275 790 exhibent,
292 733 353 774 non
370 715 466 776 habeo
485 715 558 792 quid
577 715 695 776 addam.
901 742 919 777 e

204 802 274 864 Non
298 802 383 862 nulla
405 803 607 864 nnnnsws
635 804 688 881 qui
716 803 754 864 ad
786 801 876 863 finem
906 801 1002 879 quinti
1031 804 1144 864 saeculi
1170 807 1297 881 putatur

109 893 208 953 fuisse
224 911 240 952 1
254 895 357 953 nostro
371 892 448 953 libro
463 894 610 970 servavit3
624 893 745 955 videtur
758 911 795 953 ea
808 891 916 967 omnia,
929 894 966 950 ut
979 911 1070 970 supra
1079 893 1140 952 dixi
1150 884 1193 974 (p.
1204 886 1297 977 692),

111 981 353 1057 Philopatori
371 979 470 1042 Stoico
489 982 607 1044 debere.
634 984 713 1043 hunc
731 982 792 1056 bis,
814 980 1017 1058 Chrysippum
1036 983 1129 1042 semel
1147 983 1296 1045 nominat:

110 1077 217 1132 tamen
235 1089 296 1131 non
316 1070 453 1131 dubitavi
470 1073 558 1147 plura
576 1091 592 1132 e
611 1071 777 1149 posteriore
795 1069 867 1129 libri
885 1065 958 1145 περὶ
976 1065 1104 1146 φύεεω(
1121 1065 1296 1148 ἀνθρώπου

110 1163 202 1238 parte
226 1161 332 1220 nostro
355 1159 520 1238 vindicare,
543 1164 635 1237 atque
657 1160 785 1221 feliciter
809 1159 929 1237 accidit,
955 1160 1035 1236 quod
1058 1178 1118 1219 non
1140 1162 1216 1221 nulli
1238 1163 1297 1223 loci

111 1248 298 1310 testimoniis
318 1248 424 1308 alienis
443 1248 602 1309 firmantur
621 1242 672 1332 (cf.
686 1250 743 1327 frg.
760 1251 802 1310 74
822 1267 890 1308 cum
909 1250 959 1322 72,
980 1251 1031 1326 73,
1052 1250 1109 1327 83,
1128 1250 1219 1310 etiam
1237 1252 1296 1329 frg.

113 1340 181 1399 110
201 1338 278 1397 citra
292 1337 510 1398 dubitationem
525 1340 659 1415 positum
673 1332 742 1420 est).
774 1340 876 1398 tamen
890 1335 1048 1398 diiudicari
1066 1338 1103 1399 de
1122 1341 1296 1402 auctoribus

113 1427 225 1487 ceteris
245 1426 426 1503 propriaque
441 1427 577 1488 doctrina
590 1427 724 1488 Nemesii
742 1425 952 1487 difficillimum
967 1429 1026 1487 est:
1045 1427 1121 1488 mire
1135 1429 1295 1506 aliquando

112 1519 144 1578 et
165 1535 234 1576 cum
248 1515 420 1576 Alexandro
435 1516 587 1594 conspirat
600 1519 631 1576 et
645 1536 712 1577 cum
728 1513 957 1576 CHALCIDIO.
986 1516 1043 1592 hic,
1061 1517 1169 1594 quiea
1185 1537 1296 1579 annum

114 1606 191 1680 325,
206 1605 232 1665 si
246 1608 328 1665 recte
343 1604 501 1683 coniciunt,
516 1605 762 1666 commentarium
776 1605 925 1683 quendam
941 1604 978 1665 ad
993 1605 1128 1667 Platonis
1139 1606 1297 1669 Timaeum

113 1694 313 1772 compositum
337 1694 443 1769 vertit,
467 1695 593 1755 Adrasti
616 1698 647 1755 11
671 1695 814 1755 Numenii
838 1694 954 1771 aliquot
976 1694 1148 1772 fragmenta
1165 1698 1213 1757 vel
1232 1717 1297 1758 sen·

113 1784 226 1845 tentiae
246 1783 374 1862 recepit,
393 1785 588 1861 retenunque
606 1803 665 1844 non
683 1803 830 1861 nusquam
851 1783 1020 1844 Stoicorum
1037 1784 1184 1861 imprimis
1204 1784 1298 1864 Chry·

116 1873 194 1951 sippi
212 1872 327 1950 placita
344 1872 485 1948 prodidit,
504 1893 581 1950 quae
601 1874 720 1934 cuinam
738 1873 848 1933 debeat
871 1873 1004 1934 nondum
1023 1874 1118 1935 audeo
1137 1873 1296 1938 affirmare.

204 1960 339 2038 Uterque
358 1961 481 2023 mirifice
500 1981 567 2022 eum
592 1964 695 2023 libello
719 1962 756 2022 de
780 1962 842 2022 fato
862 1962 973 2038 scripto
992 1962 1044 2039 qui
1062 1962 1298 2024 PLV'l'ARCHI

118 2071 226 2112 nomen
248 2050 358 2110 iniuria
379 2069 452 2127 prae
476 2069 508 2111 se
532 2051 593 2112 1111
618 2051 782 2128 conspirat,
807 2049 978 2111 Chalcidius
996 2051 1088 2130 adeo,
1112 2056 1147 2113 ut
1170 2053 1297 2114 eundem

116 2143 271 2202 auctorem
299 2139 452 2200 breviasse
479 2140 809 2219 Pseudoplutarchum,
840 2140 968 2201 vertisse
1001 2139 1188 2201 Chalcidium
1215 2147 1296 2204 certo

117 2231 281 2291 evincatur.
318 2247 395 2305 quae
414 2229 555 2306 quoniam
572 2232 604 2290 in
622 2231 720 2291 animo
739 2229 816 2288 mihi
835 2231 882 2289 est
900 2249 982 2307 mox,
1005 2229 1032 2290 si
1049 2229 1091 2288 dii
1108 2231 1226 2307 volunt,
1250 2251 1297 2293 ac-

116 2320 249 2380 curatius
271 2336 427 2395 exponere,
446 2337 524 2379 nunc
541 2320 657 2381 omitto.
690 2318 742 2379 sed
760 2337 865 2380 moneo
884 2338 923 2379 ne
941 2319 1009 2395 quis
1027 2318 1083 2378 hoc
1101 2319 1204 2381 libello
1223 2339 1296 2381 usus

115 2409 255 2488 genuinis
280 2425 315 2467 ea
339 2407 514 2482 admisceat,
540 2428 616 2487 quae
640 2407 741 2470 Stoica
764 2407 834 2468 inde
857 2408 895 2468 ab
920 2406 1084 2469 Andronici
1106 2408 1168 2469 fere
1188 2411 1218 2468 et
1236 2409 1298 2470 An-

116 2497 208 2560 tiochi
226 2495 412 2573 temporibus
432 2496 627 2575 Peripatetici
646 2501 678 2558 et
695 2496 867 2557 Academici
889 2495 1090 2574 proferebant.
1134 2497 1296 2575 eademque

116 2588 152 2649 de
181 2604 275 2648 causa
302 2585 439 2644 libellum
467 2586 504 2646 de
531 2587 657 2664 mundo,
690 2606 779 2664 quem
807 2587 858 2647 diu
888 2586 927 2646 ab
954 2585 1120 2646 Aristotele
1148 2587 1213 2664 ipso
1247 2588 1297 2648 ab-

114 2677 282 2738 iudicatum
309 2673 526 2736 recentioribus
552 2676 760 2765 Peripateticis
789 2674 1000 2735 adtribuerunt
1027 2694 1175 2752 quemque
1202 2695 1298 2752 nuper

116 2766 220 2846 Bergk
244 2763 369 2824 Nicolao
392 2763 593 2834 Damascene,
617 2766 753 2842 Bernays
776 2767 807 2824 11
829 2763 945 2824 Vsener
972 2763 1068 2824 aetati
1089 2763 1218 2825 Neronis
1245 2766 1298 2826 rel

116 2852 300 2939 Vespasiani
317 2852 558 2932 vindicaverunt,
577 2855 676 2915 omitti
697 2855 842 2930 praestat.
878 2854 934 2945 hoc
957 2852 988 2912 111
1009 2852 1087 2913 libro
1111 2851 1299 2932 Chrysippea

114 2947 214 3006 multa
233 2944 333 3003 inesse
352 2943 423 3003 olim
443 2940 545 3004 Osann
563 2943 790 3017 demonstravit,
811 2942 862 3019 qui
880 2945 983 3002 tamen
1001 2960 1096 3018 paene
1115 2960 1221 3004 caecus
1239 2943 1298 3021 ipsi

114 3035 161 3095 illi
176 3033 278 3094 Stoico
293 3034 390 3091 totum
406 3032 517 3093 donare
530 3034 640 3106 volnit3
661 3032 782 3093 libellus
801 3030 995 3108 plutarcheus
1012 3031 1129 3091 nullum
1144 3029 1298 3092 Osannum

114 3125 216 3185 adhuc
239 3121 362 3182 invenit.
400 3141 494 3199 qnare
517 3141 615 3200 neque
641 3119 674 3182 Ο.
694 3121 790 3182 Η11111
814 3111 997 3202 (Stoicorum
1021 3121 1057 3180 de
1080 3119 1144 3181 lato
1162 3120 1299 3183 doctrina

115 3211 292 3288 Numburgi
319 3211 403 3270 1859
430 3231 459 3287 p.
486 3202 520 3293 1)
545 3230 642 3288 neque
669 3212 703 3272 R.
726 3209 897 3269 Volkmann
923 3201 1039 3292 (leben,
1067 3209 1212 3271 schriften
1237 3212 1298 3270 und

115 3300 307 3381 philosophie
327 3298 379 3359 des
400 3300 546 3361 Plutarch
564 3320 624 3360 von
642 3298 815 3360 Chaeronea
833 3298 936 3358 Berlin
954 3299 1037 3359 1869
1058 3319 1086 3375 p.
1108 3294 1296 3382 146-154)

115 3392 279 3469 quicquam
297 3388 329 3447 111
348 3407 383 3449 11
402 3391 589 3465 agnoverunt
608 3389 740 3450 Stoicum
764 3390 884 3465 praeter
904 3387 1011 3447 ultima
1028 3389 1133 3467 verba,
1157 3407 1234 3465 quae
1252 3389 1295 3448 di-

116 3484 200 3541 serte
219 3497 270 3539 eos
290 3477 453 3553 nominant,
473 3479 524 3556 qui
543 3478 643 3539 omnia
661 3478 725 3539 fate
744 3477 810 3538 fieri
824 3479 973 3538 censeant.
1004 3477 1060 3537 hoc
1079 3477 1160 3537 enim
1178 3478 1298 3538 nomine

117 3569 323 3647 Chrysippum
351 3567 442 3627 etiam
470 3570 508 3629 ab
532 3567 680 3629 Antiocho
706 3566 786 3644 apud
809 3565 994 3643 Ciceronem,
1019 3564 1205 3645 Alexandro,
1228 3567 1297 3628 Dio

117 3659 249 3738 genianc
278 3656 345 3716 aliis
372 3657 472 3718 notari
498 3658 648 3717 neminem
676 3655 771 3733 fugit,
799 3655 940 3715 nimirum
968 3654 1038 3732 quia
1064 3655 1194 3731 priorem
1224 3652 1298 3732 περὶ

118 3741 311 3824 εἱμαρμένη(
334 3743 445 3807 librum
469 3747 505 3806 ed
531 3766 599 3807 eum
621 3745 711 3806 finem
735 3744 867 3822 scripsit,
891 3746 926 3803 ut
944 3744 1043 3804 omnia
1065 3744 1129 3806 fato
1148 3744 1213 3805 fieri
1231 3764 1297 3822 pro·

118 3839 216 3898 beret.
260 3836 340 3894 hunc
363 3836 498 3896 consulto
521 3835 656 3913 neglexit
677 3835 857 3895 Plutarchus
880 3836 1072 3910 personatus,
1101 3835 1196 3896 altero
1219 3834 1296 3894 libro

113 3916 236 3987 'fructus
256 3927 312 3985 est.
349 3923 449 3984 itaer
472 3944 531 3985 uno
550 3925 695 3985 vocabulo
721 3919 951 4000 (υνειμαρμένα
979 3915 1056 4003 (cap.
1076 3925 1096 3982 4
1119 3943 1147 3999 p.
1173 3916 1297 4004 1691),

120 4017 197 4095 quod
217 4015 283 4092 ipse
301 4010 496 4091 Plutarchus,
517 4017 552 4073 ut
574 4032 629 4092 par
652 4016 712 4090 111,
735 4004 915 4090 numquam¹
938 4011 1087 4085 adhibuit,
1112 4011 1297 4089 Chrysippus

121 4107 219 4166 elucet
237 4095 289 4185 (cf.
309 4102 417 4181 fragm.
433 4094 624 4183 115—118)
642 4103 687 4162 ita
705 4121 768 4180 cap.
784 4104 802 4162 6
822 4123 850 4178 p.
866 4101 966 4163 17011
986 4092 1019 4181 (ἡ
1038 4096 1096 4176 μὲν
1114 4095 1175 4175 γὰρ
1194 4096 1298 4177 εἱμαρ-

122 4192 197 4270 μένη
223 4187 333 4253 πάντα
357 4189 497 4269 περιέχει
516 4238 522 4253 .
542 4237 549 4253 .
570 4237 576 4253 .
596 4186 636 4252 τὰ
664 4184 696 4252 δ’
719 4185 777 4252 οὐκ
806 4187 839 4252 ἐξ
867 4183 1006 4264 ἀνάγκη(
1033 4186 1199 4266 revicerat
1226 4183 1298 4251 ἀλλ’

120 4332 334 4344 u—-—-—-

189 4409 203 4458 1
224 4400 292 4456 Vno
311 4395 471 4468 fragmento
490 4399 618 4468 excepte,
638 4397 714 4467 quod
728 4395 813 4466 volgo
827 4393 987 4466 neglegitur
1004 4393 1127 4465 itemque
1141 4393 1298 4466 Chrysippo

121 4469 341 4530 attribuendum
361 4469 505 4540 111011).
