2784 4846
117 239 183 305 738
571 219 702 277 Alfredus
719 212 840 272 (ἱοτολτοι

118 424 154 468 τε
182 399 233 464 καί
262 384 559 474 προαγορευτικήν’,
589 383 627 446 τὸ
651 381 708 460 μὲν
732 375 854 441 ἱπύιντα
882 364 956 434 καθ’
978 361 1194 475 εἱμαρμένην-
1268 436 1280 473 ³

121 492 274 568 ευνήγετο
303 484 342 547 ἂν
371 480 490 556 ούτωε,
518 476 555 539 τὸ
584 473 692 551 μέντοι
716 466 884 545 (χρειῶδες
913 456 1012 566 αύῙηε
1038 451 1096 563 καὶ
1127 445 1282 530 βιωφελὶτ·
1307 450 1335 533 νύ

94 605 106 645 5
122 580 180 645 οὐκ
199 575 238 640 ἄν
257 594 336 639 ποτε
356 569 528 643 ἐδείκνυτο,
552 560 596 627 δι’
615 561 633 624 ὃ
654 558 704 622 καὶ
724 554 855 636 μάλιετα
874 553 962 612 δοκει
982 544 1175 622 Χρυειπποε
1191 535 1277 615 ύμνύτ
1309 541 1336 623 λλ

122 670 180 748 τὴν
193 681 366 825 υίὶζίῖκίίίι
397 761 561 828 εωθήεεεθαι
579 755 613 809 τὸ
631 753 763 820 χρήειμον
782 749 833 812 τῆε
852 743 984 809 μαντικῆε
1002 733 1104 790 διὰτὸ
1122 728 1278 800 upum&
1312 700 1336 813 ίὶί

121 844 155 897 τὸ
173 811 434 902 πάντωε’ὲτὸμενον
453 829 588 896 δυεχερέε,
607 824 631 880 εί
649 826 686 890 μὴ
707 815 906 889 φυλαξαίμεθα.
1314 816 1319 849 ι

1311 628 1334 671 ύὶλ

1316 896 1336 936 Ἠ

214 992 299 1049 Alex„
319 987 355 1045 de
375 1003 421 1044 an.
440 981 472 1040 ΙΙ
490 1001 518 1057 p.
540 978 601 1037 142
617 972 664 1034 0.:
696 965 796 1045 τύχην
819 958 900 1038 γοῦν
923 950 1080 1020 πολλάκι(
1107 946 1285 1064 έπιβοιδντα
1318 968 1336 1025 ,χ

128 1076 230 1155 ἄλλην
253 1071 490 1152 ὁμολογούντετ
515 1061 596 1128 εἶναι
618 1058 739 1134 ταύτην
762 1049 867 1117 αἰτίαν
890 1051 954 1154 τῆ(ε
976 1039 1186 1121 εἱμαρμένης·
1230 1030 1288 1099 ύλλὶ
1321 1060 1336 1114 ,ι

129 1167 180 1230 καὶ
203 1168 271 1227 τυῐε
294 1163 382 1225 θευῐε
410 1156 450 1220 ού
478 1150 694 1218 διαλείπουειν
721 1141 907 1221 εὐχόμενοι,
937 1152 982 1244 ωε
1012 1128 1201 1240 δυναμένου
1228 1120 1290 1187 τινίτ
1323 1146 1334 1203 χ

130 1253 188 1319 ὑπ’
212 1251 319 1317 αὐτῶν
343 1247 395 1312 διὰ
417 1244 475 1309 τὰ(
498 1241 595 1320 εύχὰε
618 1229 779 1315 γενέεθαι’
805 1227 893 1306 παρὰ
914 1242 973 1302 την
998 1218 1212 1326 ειμαρμένην·
1232 1210 1291 1275 ἀλλὶ
1325 1250 1336 1291 η

104 1344 182 1410 υκαὶ
216 1338 424 1421 βουλεύονται
457 1332 530 1410 περὶ
558 1332 624 1392 τῶν
653 1323 820 1402 πρακτέων
850 1315 972 1423 αύτοίε,
1002 1327 1105 1373 καιτοι
1137 1304 1293 1412 καὶλταυπ

131 1429 204 1497 καθ’
223 1428 416 1507 εἱμαρμένην
440 1420 521 1487 εἶναι
544 1420 704 1494 λέγοντεε,
728 1411 779 1475 καὶ
803 1404 1000 1512 ευμβουλουε
1023 1396 1248 1475 παρακαλουει
1261 1386 1294 1452 κύ
1330 1440 1336 1511 3

133 1518 292 1600 μαντείαιε
318 1515 377 1579 οὐκ
399 1512 526 1577 ὀκνοῦει
556 1511 700 1586 χρῆεθαι,
728 1499 773 1564 ὼε
796 1497 873 1561 ἐνὸν
896 1507 1019 1566 αυτοιε,
1050 1484 1078 1551 εἰ
1107 1479 1296 1562 προμάθοιεν,
1333 1524 1336 1541 .

134 1605 335 1689 φυλάξαεθαί
359 1625 387 1668 τι
411 1604 477 1665 τῶν
501 1595 709 1675 εἱμαρμένων.

206 1730 236 1782 ἐν
255 1733 316 1781 παῖε
334 1725 404 1779 κατὰ
430 1723 481 1776 τὸν
501 1719 561 1787 βίον
578 1704 705 1783 πράξεειν
724 1711 776 1763 ούκ
795 1705 912 1761 ἐοίκαειν
931 1700 1002 1768 αὐτῇ
1023 1699 1069 1766 (τῇ
1090 1689 1254 1760 εἱμαρμένῃ)
1268 1700 1299 1740 τε

135 1800 320 1856 πιετευκέναι’
339 1798 429 1863 τύχην
446 1825 477 1833 -
493 1789 676 1857 εἱμαρμένων.
734 1786 751 1834 2
770 1781 868 1844 ἄλλην·
888 1773 952 1828 ίοτὶ.
973 1772 1088 1836 ἄδηλον,
1108 1765 1145 1819 οἱ.
1165 1761 1220 1832 frg.
1235 1764 1300 1825 eosq.

100 1870 286 1955 ν7εἰ·ύιΑ

222 2022 261 2092 μ,
284 2019 320 2078 α
339 2019 402 2076 ου
421 2035 444 2074 0.
465 2016 503 2072 11
527 2004 570 2092 (p.
590 2011 632 2068 34
648 1998 710 2084 ομ
751 1994 857 2062 καίτοι
882 1989 909 2054 ει
935 1986 1046 2068 ’μηιιν
1064 1978 1210 2090 μοεηιῆη
1229 1974 1302 2080 φατι

274 2122 287 2138 ”
472 2121 479 2132 ·
514 2091 629 2170 Γἴνων’,
656 2091 694 2154 τὸ
722 2087 758 2150 δέ
782 2077 1007 2164 (βουλευτικὸν
1036 2070 1118 2138 εἶναι
1149 2073 1237 2153 ζῳον
1261 2078 1304 2125 τον

134 2203 314 2287 ἄνθρωπον,
341 2210 382 2289 [p.
403 2211 458 2290 36]
483 2231 652 2289 προηγουμ
676 2197 748 2240 ‘wc
764 2175 828 2237 ὑπὸ
851 2174 908 2249 τῆε
931 2154 1303 2323 vtilcegsscdmffivffl,

134 2295 381 2376 ἐπακολούθημά
404 2320 432 2362 τι
456 2300 507 2363 καὶ
531 2299 705 2378 mumma
734 2275 1094 2416 Τοῖ(’”προίίογτίχνμτούε
1126 2333 1306 2412 ἀνθρώπου(

106 2384 266 2465 ιγίνοιτο,
302 2386 471 2464 ευνοὶγοιτο
500 2388 540 2452 ἂν
568 2388 651 2472 <τὸ>
679 2387 738 2467 ’μὴ
767 2387 849 2453 εἶναι
882 2409 902 2467 μ

135 2474 381 2553 βουλευτικούε’.

203 2582 221 2631 4
238 2579 468 2646 ἐπακολούθημα·
487 2579 522 2636 cf.
541 2579 594 2651 frg.
616 2585 658 2649 28,
679 2586 711 2634 11
788 2585 804 2633 5
822 2580 856 2634 τὸ
875 2597 929 2636 om.
949 2581 975 2636 V

221 2727 390 2789 Oenomaus
410 2731 441 2789 in
461 2727 588 2807 Γοήτων
607 2726 704 2810 φώρᾳ
723 2723 809 2811 (Eue.
831 2731 881 2788 PE
896 2731 940 2790 VI
961 2735 978 2792 7
997 2752 1026 2807 p.
1047 2735 1111 2794 258
1182 2720 1306 2822 ’ώνοχα

132 2813 192 2891 γὰρ
216 2816 255 2893 δὴ
279 2815 316 2877 τὸ
340 2815 656 2892 καταγελαετότατον
684 2814 838 2880 ἁπάντων
860 2815 898 2879 τὸ
927 2815 1024 2895 μίγμα
1053 2819 1104 2881 καὶ
1132 2824 1140 2842 ‘
1196 2840 1305 2910 νεηνα,

131 2906 190 2966 τοῦ
209 2902 260 2965 καὶ
278 2903 331 2967 ἐπὶ
349 2908 417 2968 τοῑε
439 2902 622 2984 ἀνθρώποις
640 2925 669 2967 τι
689 2903 770 2969 εἶναι
789 2905 840 2967 καὶ
858 2903 968 2982 εἱρμὸν
988 2905 1086 2969 οὐδὲν
1105 2907 1145 2985 ἦτ

131 2994 351 3069 πρυεεοικέναι
369 2993 430 3071 γὰρ
449 2993 557 3072 αὐτόν,
577 2993 621 3056 ὼε
641 2994 790 3070 λέγουειν
804 2992 835 3056 οἱ
854 2993 1044 3072 εοφιύτεροι,
1064 3000 1109 3078 τῷ
1125 2998 1168 3061 Εὐ

104 3080 234 3163 ιλόγω·
265 3085 417 3146 τεκνῶεαι
445 3083 502 3162 μὲν
529 3084 590 3162 γὰρ
624 3084 769 3162 ἐθελῆεαι
797 3083 855 3146 τὸν
879 3081 977 3147 Λάϊον
1005 3084 1114 3163 κύριον
1143 3087 1194 3153 εἱν
1282 3102 1288 3122 ’

131 3169 242 3248 Λάϊον,
270 3170 321 3233 καί
348 3175 444 3235 τοῦτο
474 3172 706 3252 ἐκπεφευγέναι
736 3175 795 3253 τὴν
819 3169 1041 3237 Ἀπολλωνίαν
1070 3172 1161 3251 ὄψιν·
1250 3194 1258 3216 ²

132 3278 219 3321 εαντι
243 3257 276 3323 δ’
299 3259 387 3343 αύτῷ
411 3261 535 3325 ἐπεῖναι
558 3260 701 3340 ἀνάγκην
725 3259 870 3341 ἄφυκτον
894 3260 958 3325 ὑπὸ
981 3265 1039 3325 τού
1062 3263 1186 3341 φύντοε
1252 3295 1303 3361 xm

132 3344 318 3413 ἀποθανεῖν.
359 3349 463 3413 οὕτω(
486 3349 545 3414 οὖν
569 3352 626 3429 τήν
651 3351 704 3415 ἐπὶ
731 3355 777 3435 τῷ
806 3351 954 3429 μέλλοντι
982 3348 1124 3429 ἀνάγκην
1153 3375 1221 3434 παρ

112 3440 177 3519 ’τῷ
202 3435 311 3515 μάντει
334 3439 393 3516 τὴν
416 3443 474 3503 τοῦ
497 3441 714 3518 γενητομένου
739 3438 950 3518 προαίτθηειν.

202 3563 220 3610 4
237 3560 405 3626 εοφώτεροι·
425 3559 489 3614 fort.
509 3577 572 3614 cum
591 3562 652 3616 cod.
672 3559 694 3612 B
713 3577 762 3614 ser.
784 3561 943 3628 εοφιύτατοι
1041 3567 1220 3617 ὅτεκνύκαι·
1242 3583 1288 3619 παι

130 3634 181 3682 τού
210 3635 343 3684 τεκνύκαι
423 3633 492 3686 εἶναι
510 3633 560 3686 τὸν
580 3633 622 3686 Λ.·
652 3630 715 3686 fort.
735 3632 805 3685 εἶναι
824 3631 911 3684 αὐτὸν
930 3631 960 3685 Λ.
1007 3634 1083 3687 reete
1103 3639 1198 3687 monet
1217 3635 1274 3690 Oen

131 3718 222 3754 maus:
251 3703 287 3769 ἠν
311 3703 341 3755 δέ
364 3719 418 3756 που
443 3706 487 3757 καὶ
506 3705 522 3757 δ
548 3705 603 3771 φύε
621 3707 672 3770 τῆε
690 3701 760 3756 ἰδία(
778 3703 934 3770 βουλήεεωε
953 3704 1046 3771 κύριος
1064 3705 1155 3771 ὥςπερ
1174 3706 1190 3758 ὁ
1210 3709 1304 3776 φύεα,

130 3774 175 3824 καί
199 3774 238 3826 ωε
261 3774 364 3827 ἐκεῖνος
387 3779 439 3827 τού
462 3779 595 3829 τεκνῶεαι
614 3777 659 3829 καί
678 3777 714 3842 μή
734 3775 826 3829 ούτωε
844 3775 929 3829 ούτοε
946 3779 997 3828 τού
1017 3776 1176 3830 ἀποκτάναι
1195 3781 1240 3830 καί
1260 3783 1304 3847 μή.

132 3841 318 3912 Chryeippum
336 3842 398 3913 ipse
419 3862 504 3915 supra
521 3844 687 3900 nominavit.

219 3995 339 4057 Nemes.
358 4013 381 4055 ο.
402 3997 443 4054 37
464 3989 507 4076 (p.
528 3988 606 4076 142)
631 3996 835 4072 fragmentum
858 3995 995 4055 dubium:
1032 3991 1063 4057 οἱ
1086 3994 1122 4056 δὲ
1152 3996 1301 4072 λέγοντεε

131 4077 204 4157 “τὴν
227 4079 285 4157 μὲν
309 4079 427 4158 αίρεειν
451 4083 517 4144 τῶν
541 4083 692 4158 πρακτῶν
715 4078 770 4160 ἐφ’
791 4081 867 4160 ἡμῖν
890 4079 980 4159 είναι,
1003 4083 1062 4162 τὴν
1081 4084 1117 4146 δὲ
1135 4087 1201 4147 τῶν
1220 4084 1303 4162 αἱρε-

130 4169 252 4232 θέντων
281 4167 437 4249 ἀπόβαειν
466 4169 518 4234 ἐπὶ
548 4175 586 4253 τῇ
617 4167 804 4253 εἱμαρμένῃ’
834 4167 905 4255 (eid
933 4170 968 4234 δὲ
997 4175 1062 4236 τῶν
1085 4171 1246 4251 Ἑλλήνων
1274 4175 1304 4237 οἱ

131 4257 329 4343 εοφώτατοι)
352 4259 391 4322 τὸ
415 4260 473 4338 μέν
496 4280 525 4322 τι
548 4263 735 4338 κατορθοῦτι
758 4260 796 4324 τὸ
820 4261 856 4324 δὲ
880 4258 1088 4339 εφάλλονται.

218 4420 304 4482 Alex.
320 4423 357 4481 de
370 4423 433 4484 sato
447 4443 471 4484 α.
488 4425 528 4484 18
543 4416 587 4505 (p.
603 4425 643 4485 62
660 4416 723 4508 0.):
761 4419 854 4486 Οὕτω
873 4420 935 4501 γὰρ
954 4422 990 4486 ἐν
1008 4423 1082 4487 πᾶτι
1100 4426 1168 4486 τοῑε
1192 4421 1299 4499 λόγοι(
1318 4425 1331 4485 l
