2856 4852
149 257 213 324 736
600 256 732 312 alfredus
751 255 871 313 Gmeke:

237 425 356 483 Nemes.
375 442 400 481 c.
415 425 456 482 37
476 415 628 504 (p.144):
659 420 787 498 περιττὴ
812 421 847 482 δὲ
873 419 924 482 καὶ
946 419 965 497 ἡ
990 417 1073 497 μάχη
1091 422 1151 482 τοῦ
1171 420 1317 497 λογιεμοῦ
1330 416 1356 480 ll

148 509 199 572 καὶ
227 513 282 587 τῆ(
310 506 475 586 ἐπιθυμία(
503 509 557 571 ἐπὶ
583 512 642 572 τοῦ
670 509 843 587 ἐγκρατοῦς
872 508 926 571 καὶ·
946 506 1112 586 ἀκρατοῦς.
1153 506 1182 569 εἰ
1204 507 1267 585 γὰρ
1289 507 1319 572 ἐξ

149 595 287 675 ἀνάγκη(
311 596 439 675 ὥοιεται
462 597 520 660 τὸν
543 598 601 676 μὲν
623 601 739 674 πρᾶξαι
762 597 821 660 τὸν
844 598 879 660 δὲ
904 597 943 675 μὴ
972 599 1096 675 πρᾶξαι,
1119 595 1166 659 τί(
1189 597 1209 675 ἡ
1235 595 1318 674 χρεία

148 691 204 765 τῆ(
228 687 263 750 ἐν
287 686 375 769 αὐτῷ
399 684 536 750 ετάεεώε
558 708 593 750 τε
618 687 668 751 καὶ
692 686 900 766 φιλονεικίας
933 684 1032 749 (ἀλλὰ
1054 685 1105 748 καὶ
1129 689 1227 749 τοῦτο
1252 706 1318 761 (ογ-

122 775 352 854 5καθείμαρται
376 777 416 854 μὴ
440 774 541 854 μόνον
564 779 680 854 πρᾶξαι
703 773 786 838 ἀλλὰ
804 776 856 838 καὶ
874 777 1006 839 τοιῶεδε
1026 773 1162 853 πρᾶξαι.’

166 949 172 960 ·
220 884 353 932 4τοίλτο·
373 881 466 948 τούτῳ
485 877 625 933 Matthaei
663 883 732 931 1-4
746 875 899 933 adversarii
917 878 1056 944 locuntur,
1075 881 1146 929 4-5
1161 875 1226 947 ipse
1239 875 1321 946 Chry·

150 967 247 1019 s1ppus

204 1070 212 1087 ‘
240 1077 448 1157 Καθείμαρται
471 1127 498 1142 ..
523 1082 670 1165 εωθῆναι
685 1075 862 1156 θοίμάτιον,
891 1077 919 1140 εἰ
948 1074 1121 1156 φυλάττοι(
1151 1074 1246 1155 αὐτά,
1274 1076 1322 1140 καὶ
1336 1072 1371 1139 lli

150 1171 267 1276 παῖδα(
291 1165 420 1244 ἔεετθαι,
445 1166 545 1230 εἶκαὶ
568 1169 604 1230 τὺ
632 1166 829 1246 βουληθείης·
853 1163 959 1229 ἄλλωε
983 1167 1018 1229 δὲ
1042 1163 1119 1244 μηδ’
1136 1164 1178 1230 ἂν
1201 1163 1323 1230 ἔεετθαί

150 1278 179 1320 τι
202 1276 335 1320 τουτων.

222 1357 388 1428 Diogenian.
407 1357 440 1414 fr.
463 1365 489 1424 3,
511 1362 617 1412 48-50
709 1366 723 1412 1
743 1336 1113 1427 accommodavere
1204 1364 1221 1411 2
1242 1360 1274 1412 εὺ
1290 1362 1324 1425 β.·

151 1429 359 1497 ευγκοιμηθείηε
381 1427 523 1483 Schwartz
614 1432 682 1497 μηδ’
701 1432 735 1484 ἂν
754 1429 790 1483 G·
816 1434 852 1497 μὴ
873 1433 906 1484 ἂν
997 1429 1128 1498 dubium,
1154 1447 1224 1483 num
1243 1430 1325 1498 plura

151 1500 307 1571 Chrysippo
327 1499 512 1555 adtribuenda
530 1499 594 1554 sint.

240 1651 307 1711 Sen.
327 1656 388 1711 nat.
407 1653 522 1727 quaest.
541 1651 572 1710 Π
591 1672 615 1711 c.
630 1654 671 1712 37
683 1669 738 1727 sq.:
771 1651 871 1728 Agere
889 1671 968 1710 nunc
987 1669 1107 1710 causam
1127 1670 1231 1710 eorum
1248 1653 1324 1723 volo,
1339 1643 1371 1707 lt

151 1741 202 1816 qui
221 1742 406 1816 procuranda
425 1741 598 1800 existimant
616 1729 756 1816 fulmina,
769 1745 799 1800 et
814 1741 995 1815 expiationes
1010 1759 1070 1799 non
1084 1740 1226 1799 dubitant
1240 1741 1326 1816 prod·

151 1848 217 1888 esse
241 1830 401 1903 aliquando
425 1832 463 1888 ad
487 1830 691 1889 submovenda
714 1829 847 1906 pericula
871 1830 1031 1905 aliquando
1059 1829 1097 1888 ad
1125 1829 1256 1888 levanda
1275 1831 1326 1888 ali·

151 1918 269 1993 quaudo
289 1918 326 1976 ad
346 1919 517 1977 differenda.
548 1920 618 1994 quid
639 1919 678 1978 sit
697 1920 776 1994 quod
797 1922 949 1994 sequatur,
968 1919 1057 1993 paulo
1071 1922 1140 1993 post
1153 1937 1326 1995 persequar.

124 2014 137 2053 ⁶
151 2007 272 2066 interim
287 2009 343 2067 hoc
357 2009 469 2067 habent
480 2026 634 2067 commune
648 2009 811 2081 nobiseum,
825 2007 905 2084 quod
918 2026 972 2067 nos
986 2026 1103 2083 quoque
1119 2007 1326 2066 existimamus

151 2099 222 2155 vota
244 2096 387 2171 proficere
406 2097 538 2156 salvavi
557 2116 591 2155 ac
609 2099 760 2171 potestate
778 2098 918 2156 fatorum.
948 2115 1037 2172 quem
1056 2096 1092 2154 ad
1107 2097 1232 2155 modum
1247 2097 1327 2157 enim

151 2204 170 2244 a
188 2186 233 2244 dis
251 2186 471 2245 immortalibus
490 2186 535 2244 ita
553 2204 699 2260 suspense
716 2185 821 2245 relicta
840 2188 918 2261 sunt,
937 2189 972 2243 ut
989 2185 1021 2242 in
1038 2185 1150 2244 bonum
1163 2188 1288 2246 uertant
1302 2185 1327 2245 si

151 2274 290 2334 admotae
309 2275 354 2334 dis
373 2292 476 2349 preces
495 2275 608 2334 fuerint
627 2276 652 2333 si
670 2278 741 2334 vota
760 2278 910 2351 suscepta:
936 2274 980 2333 ita
1002 2290 1064 2333 non
1083 2277 1130 2333 est
1148 2264 1204 2334 hoc
1223 2279 1327 2334 contra

150 2364 247 2422 fatum
262 2364 288 2423 si
302 2365 400 2440 ipsum
415 2383 534 2440 quoque
547 2365 577 2422 in
592 2364 655 2423 fato
671 2366 725 2423 est.
751 2357 821 2423 ‘aut
834 2364 979 2437 futurum,
997 2363 1105 2439 inquit,
1124 2365 1172 2422 est
1185 2367 1241 2422 aut
1255 2383 1327 2423 non:

113 2461 139 2499 1⁰
153 2453 179 2512 si
197 2453 333 2511 futurum
353 2455 407 2526 est,
426 2452 492 2529 fiet,
511 2452 601 2511 etiam
621 2453 646 2512 si
664 2455 736 2512 vota
753 2471 821 2519 non,
832 2452 971 2529 suscipis,
993 2452 1018 2511 si
1036 2471 1096 2511 non
1115 2455 1162 2511 est
1180 2453 1327 2525 futurum,

152 2542 242 2600 etiam
262 2542 288 2600 si
306 2561 365 2600 nou
384 2543 551 2618 susceperis
574 2545 659 2616 rota,
682 2560 740 2600 non
764 2533 842 2601 fiet'
879 2542 957 2600 falsa
975 2543 1022 2600 est
1040 2541 1100 2599 ista
1117 2540 1327 2616 interrogatio,
1355 2548 1360 2559 '

152 2631 223 2706 quia
240 2631 324 2689 illam
342 2630 471 2688 mediam
489 2631 568 2689 inter
586 2631 646 2690 ista
661 2631 863 2707 exceptionem
878 2630 1038 2707 praeteris:
1057 2631 1194 2689 futurum
1210 2630 1267 2690 hoc
1282 2632 1328 2689 est

152 2718 204 2778 scd
224 2720 250 2778 si
268 2723 339 2779 vota
359 2722 498 2795 suscepta
514 2719 635 2779 suerint.
666 2716 736 2794 [38]
751 2720 808 2779 hoc
822 2738 947 2795 quoque,
966 2719 1072 2793 inquit,
1090 2720 1191 2794 ipsum
1205 2714 1328 2779 necesse

153 2812 200 2866 est
216 2808 280 2867 fato
299 2809 544 2885 comprehensum
564 2809 612 2881 sit,
631 2811 667 2867 ut
685 2812 739 2868 aut
758 2808 903 2883 suscipias
922 2810 994 2867 vota
1013 2811 1151 2868 autnon.
1186 2811 1263 2883 puta
1280 2827 1329 2866 me

112 2903 137 2942 15
151 2914 257 2955 manus
280 2896 352 2956 dare
375 2897 430 2956 tibi
454 2901 485 2956 et
509 2898 600 2956 fateri
622 2897 679 2957 hoe
703 2916 820 2973 quoque
842 2896 906 2956 fato
930 2914 995 2955 esse
1018 2896 1271 2973 conprehensum,
1295 2900 1330 2956 ut

151 2984 255 3062 utique
274 2985 348 3045 fiant
365 2988 448 3045 vota:
476 2986 543 3046 ideo
561 2986 643 3046 fient
680 2986 775 3043 fatum
795 2987 854 3061 est,
877 2988 912 3044 ut
935 2986 993 3044 iste
1015 2986 1131 3060 peritus
1151 2987 1204 3062 sit,
1229 2985 1285 3045 sed
1303 2986 1330 3045 si

151 3074 255 3133 literas
274 3075 424 3151 didicerit,
444 3076 529 3151 atqui
548 3075 651 3134 eodem
669 3075 732 3133 fato
751 3073 929 3148 continetur,
948 3076 983 3132 ut
1001 3074 1105 3157 literas
1125 3074 1234 3134 diseat:
1262 3075 1330 3134 ideo

152 3163 301 3222 docendus
321 3167 375 3224 est.
402 3163 450 3223 hic
469 3164 551 3223 dives
572 3164 639 3238 erit,
659 3161 709 3222 sed
730 3163 754 3221 si
769 3161 966 3240 navigaverit.
994 3166 1027 3222 at
1040 3163 1071 3222 in
1085 3163 1138 3221 illo
1153 3164 1209 3222 fati
1223 3163 1332 3223 ordine

153 3271 210 3327 quo
234 3252 448 3328 patrimonium
471 3253 516 3310 illi
539 3253 653 3328 grande
676 3253 863 3328 promittitur
888 3253 944 3311 hoc
971 3270 1088 3327 quoque
1112 3253 1251 3329 protinus
1277 3253 1330 3311 ad-

112 3349 139 3388 20
152 3342 249 3400 fatum
269 3346 324 3416 est,
342 3345 378 3400 ut
397 3344 428 3400 et
445 3340 581 3416 naviget:
600 3340 666 3401 ideo
685 3341 848 3418 navigabit.
878 3342 956 3400 idem
975 3340 1032 3399 tibi
1051 3343 1087 3399 de
1106 3340 1331 3416 expiationibus

153 3431 230 3490 dico:
259 3431 382 3506 effugiet
404 3430 538 3504 pericula
561 3431 586 3488 si
610 3429 774 3507 expiaverit
797 3431 965 3505 praedictas
989 3429 1132 3488 divinitus
1156 3430 1269 3506 minas,
1298 3434 1332 3489 at

152 3521 208 3578 hoc
227 3539 344 3596 quoque
362 3520 392 3576 in
412 3519 475 3577 fato
500 3522 547 3578 est
566 3522 600 3577 ut
618 3520 729 3595 expiet:
758 3519 824 3578 ideo
849 3518 988 3595 expiabit.
1024 3518 1084 3577 ista
1107 3519 1193 3578 nobis
1218 3521 1332 3595 opponi

153 3610 259 3686 solent,
278 3611 313 3667 ut
331 3607 475 3684 probetur
493 3608 535 3666 nil
554 3609 703 3668 voluntati
721 3611 842 3668 nostrae
869 3608 1006 3668 relictum
1030 3592 1060 3666 et
1083 3627 1170 3666 omne
1193 3608 1241 3666 ius
1265 3609 1331 3669 sato

152 3697 307 3757 traditum.
344 3715 411 3755 cum
430 3694 467 3755 de
484 3697 544 3756 ista
566 3717 599 3756 re
623 3700 743 3774 agetur,
768 3696 863 3756 dicam
883 3716 971 3772 quem
990 3698 1028 3755 ad
1047 3696 1168 3755 modum
1186 3708 1331 3756 manente

113 3787 217 3845 2ίιίοίο
240 3785 356 3863 aliquid
379 3784 471 3844 sitin
495 3786 622 3845 hominis
648 3787 785 3860 arbitrio,
812 3805 890 3845 nunc
913 3804 983 3845 vero
1007 3785 1043 3844 de
1067 3804 1125 3860 quo
1149 3786 1253 3861 agitur
1278 3806 1329 3845 ex-

154 3876 258 3952 plicui,
282 3893 341 3950 quo
364 3874 450 3932 modo
470 3875 495 3932 si
514 3875 569 3934 fati
588 3879 688 3936 certus
707 3878 754 3935 est
773 3874 857 3952 ordo,
882 3875 1065 3952 expiationes
1090 3875 1331 3949 procurationes-

154 3984 212 4040 que
231 3963 435 4040 prodigiorum
453 3963 586 4039 pericula
609 3967 759 4036 avertant,
785 3964 933 4039 quianon
952 3982 1019 4022 cum
1038 3964 1102 4022 fato
1119 3966 1257 4039 pugnant
1275 3965 1329 4022 sed

153 4054 221 4128 ipsa
239 4053 296 4111 fati
314 4053 380 4129 lege
395 4052 480 4112 fiunt.
509 4046 590 4129 ‘quid
606 4047 690 4130 ergo'
705 4053 803 4129 inquis
818 4046 958 4129 ‘aruspex
972 4052 1045 4111 mihi
1060 4051 1204 4129 prodest?
1223 4053 1329 4128 utique

154 4142 234 4201 enim
253 4142 372 4218 expiare
390 4141 463 4200 mihi
482 4143 574 4202 etiam
592 4161 651 4202 non
670 4143 814 4202 suadente
832 4142 884 4201 illo
899 4160 1019 4201 necesse
1035 4134 1107 4202 est'
1136 4143 1191 4201 hoc
1205 4139 1329 4216 prodest

114 4242 141 4281 ³0
155 4231 224 4307 quia
245 4230 303 4290 fati
325 4231 463 4291 minister
486 4236 542 4293 est.
583 4233 625 4291 sic
647 4250 713 4291 cum
740 4231 854 4291 sanitas
882 4230 1027 4290 debeatur
1054 4231 1118 4289 fato
1146 4230 1272 4289 debetur
1297 4233 1329 4288 et

153 4320 278 4400 medico,
296 4321 367 4397 quia
384 4321 422 4380 ad
440 4339 495 4381 nos
513 4321 690 4381 beneficium
708 4321 764 4379 sati
778 4339 837 4397 per
855 4319 944 4379 huius
963 4338 1069 4378 manus
1092 4320 1183 4380 uenit.

226 4425 240 4473 7
260 4421 372 4476 relicta:
388 4420 451 4476 fort.
471 4422 559 4476 edicto
649 4426 665 4474 9
684 4420 791 4490 inquit,
809 4435 846 4473 sc.
866 4416 1016 4488 Chrysippi
1035 4418 1209 4472 adversarius
