<?xml version="1.0" encoding="UTF-8"?>
<!DOCTYPE html PUBLIC "-//W3C//DTD XHTML 1.0 Transitional//EN"
    "http://www.w3.org/TR/xhtml1/DTD/xhtml1-transitional.dtd">
<html xmlns="http://www.w3.org/1999/xhtml" xml:lang="en" lang="en">
 <head>
  <title>
</title>
<meta http-equiv="Content-Type" content="text/html;charset=utf-8" />
  <meta name='ocr-system' content='tesseract 3.04.00' />
  <meta name='ocr-capabilities' content='ocr_page ocr_carea ocr_par ocr_line ocrx_word'/>
</head>
<body>
  <div class='ocr_page' id='page_1' title='image "./chrysippea00chrygoog_0010.png"; bbox 0 0 2856 4852; ppageno 0'>
   <div class='ocr_carea' id='block_1_1' title="bbox 607 255 1283 329">
    <p class='ocr_par' dir='ltr' id='par_1_1' title="bbox 607 255 1283 329">
     <span class='ocr_line' id='line_1_1' title="bbox 607 255 1283 329; baseline 0 -15"><span class='ocrx_word' id='word_1_1' title='bbox 607 255 787 329; x_wconf 69' lang='lat' dir='ltr'><strong>Chrysippea.</strong></span> <span class='ocrx_word' id='word_1_2' title='bbox 1217 257 1283 324; x_wconf 80' lang='grc'><strong>693</strong></span> 
     </span>
    </p>
   </div>
   <div class='ocr_carea' id='block_1_2' title="bbox 105 419 1283 591">
    <p class='ocr_par' dir='ltr' id='par_1_2' title="bbox 105 419 1283 591">
     <span class='ocr_line' id='line_1_2' title="bbox 195 419 1283 500; baseline 0.006 -20"><span class='ocrx_word' id='word_1_3' title='bbox 195 419 339 480; x_wconf 90' lang='lat' dir='ltr'><strong>Ceterum</strong></span> <span class='ocrx_word' id='word_1_4' title='bbox 348 439 408 480; x_wconf 90' lang='lat' dir='ltr'><strong>nou</strong></span> <span class='ocrx_word' id='word_1_5' title='bbox 417 422 517 482; x_wconf 84' lang='lat' dir='ltr'><strong>nullas</strong></span> <span class='ocrx_word' id='word_1_6' title='bbox 531 423 696 484; x_wconf 87' lang='lat' dir='ltr'><strong>sententias</strong></span> <span class='ocrx_word' id='word_1_7' title='bbox 711 442 787 500; x_wconf 89' lang='lat' dir='ltr'><strong>quae</strong></span> <span class='ocrx_word' id='word_1_8' title='bbox 802 425 905 484; x_wconf 91' lang='lat' dir='ltr'><strong>eodem</strong></span> <span class='ocrx_word' id='word_1_9' title='bbox 919 423 984 483; x_wconf 92' lang='lat' dir='ltr'><strong>iure</strong></span> <span class='ocrx_word' id='word_1_10' title='bbox 999 442 1057 500; x_wconf 94' lang='lat' dir='ltr'><strong>quo</strong></span> <span class='ocrx_word' id='word_1_11' title='bbox 1071 425 1129 483; x_wconf 92' lang='lat' dir='ltr'><strong>huc</strong></span> <span class='ocrx_word' id='word_1_12' title='bbox 1143 423 1175 483; x_wconf 89' lang='lat' dir='ltr'><strong>in</strong></span> <span class='ocrx_word' id='word_1_13' title='bbox 1189 424 1283 487; x_wconf 88' lang='lat' dir='ltr'><strong>libros</strong></span> 
     </span>
     <span class='ocr_line' id='line_1_3' title="bbox 105 509 1283 591; baseline 0.006 -23"><span class='ocrx_word' id='word_1_14' title='bbox 105 510 142 569; x_wconf 86' lang='lat' dir='ltr'><strong>de</strong></span> <span class='ocrx_word' id='word_1_15' title='bbox 150 509 216 570; x_wconf 88' lang='lat' dir='ltr'><strong>fato</strong></span> <span class='ocrx_word' id='word_1_16' title='bbox 226 511 398 570; x_wconf 86' lang='lat' dir='ltr'><strong>referuntur</strong></span> <span class='ocrx_word' id='word_1_17' title='bbox 408 510 470 570; x_wconf 90' lang='lat' dir='ltr'><strong>illic</strong></span> <span class='ocrx_word' id='word_1_18' title='bbox 479 530 590 588; x_wconf 90' lang='lat' dir='ltr'><strong>ponere</strong></span> <span class='ocrx_word' id='word_1_19' title='bbox 599 513 701 573; x_wconf 85' lang='lat' dir='ltr'><strong>malui.</strong></span> <span class='ocrx_word' id='word_1_20' title='bbox 720 513 1283 591; x_wconf 87' lang='lat' dir='ltr'><strong>interillasameconsultoneglectas‚</strong></span> 
     </span>
    </p>
   </div>
   <div class='ocr_carea' id='block_1_3' title="bbox 105 600 1284 774">
    <p class='ocr_par' dir='ltr' id='par_1_3' title="bbox 105 600 1284 774">
     <span class='ocr_line' id='line_1_4' title="bbox 106 600 1284 679; baseline 0.005 -22"><span class='ocrx_word' id='word_1_21' title='bbox 106 617 180 674; x_wconf 88' lang='lat' dir='ltr'><strong>quas</strong></span> <span class='ocrx_word' id='word_1_22' title='bbox 199 600 232 658; x_wconf 88' lang='lat' dir='ltr'><strong>in</strong></span> <span class='ocrx_word' id='word_1_23' title='bbox 250 600 337 660; x_wconf 89' lang='lat' dir='ltr'><strong>libris</strong></span> <span class='ocrx_word' id='word_1_24' title='bbox 357 601 394 660; x_wconf 86' lang='lat' dir='ltr'><strong>de</strong></span> <span class='ocrx_word' id='word_1_25' title='bbox 408 601 598 677; x_wconf 77' lang='lat' dir='ltr'><strong>providentia</strong></span> <span class='ocrx_word' id='word_1_26' title='bbox 614 602 708 662; x_wconf 90' lang='lat' dir='ltr'><strong>fuisse</strong></span> <span class='ocrx_word' id='word_1_27' title='bbox 723 620 862 678; x_wconf 89' lang='lat' dir='ltr'><strong>expresse</strong></span> <span class='ocrx_word' id='word_1_28' title='bbox 876 621 936 662; x_wconf 91' lang='lat' dir='ltr'><strong>nou</strong></span> <span class='ocrx_word' id='word_1_29' title='bbox 949 602 1089 679; x_wconf 75' lang='lat' dir='ltr'><strong>traditur,</strong></span> <span class='ocrx_word' id='word_1_30' title='bbox 1108 606 1155 662; x_wconf 88' lang='lat' dir='ltr'><strong>est</strong></span> <span class='ocrx_word' id='word_1_31' title='bbox 1172 603 1284 679; x_wconf 80' lang='lat' dir='ltr'><strong>triplex</strong></span> 
     </span>
     <span class='ocr_line' id='line_1_5' title="bbox 105 684 1282 774; baseline 0.005 -28"><span class='ocrx_word' id='word_1_32' title='bbox 105 687 211 747; x_wconf 89' lang='lat' dir='ltr'><strong>mundi</strong></span> <span class='ocrx_word' id='word_1_33' title='bbox 226 688 361 749; x_wconf 89' lang='lat' dir='ltr'><strong>definitio</strong></span> <span class='ocrx_word' id='word_1_34' title='bbox 376 707 394 748; x_wconf 91' lang='lat' dir='ltr'><strong>a</strong></span> <span class='ocrx_word' id='word_1_35' title='bbox 407 689 521 750; x_wconf 90' lang='lat' dir='ltr'><strong>Dione</strong></span> <span class='ocrx_word' id='word_1_36' title='bbox 535 688 751 768; x_wconf 88' lang='lat' dir='ltr'><strong>Chrysostomo</strong></span> <span class='ocrx_word' id='word_1_37' title='bbox 766 691 902 752; x_wconf 87' lang='lat' dir='ltr'><strong>adhibita</strong></span> <span class='ocrx_word' id='word_1_38' title='bbox 919 684 974 771; x_wconf 87' lang='lat' dir='ltr'><strong>(or.</strong></span> <span class='ocrx_word' id='word_1_39' title='bbox 991 693 1042 770; x_wconf 80' lang='lat'><strong>36,</strong></span> <span class='ocrx_word' id='word_1_40' title='bbox 1062 694 1103 752; x_wconf 81' lang='lat'><strong>29</strong></span> <span class='ocrx_word' id='word_1_41' title='bbox 1115 710 1158 769; x_wconf 88' lang='lat' dir='ltr'><strong>sq.</strong></span> <span class='ocrx_word' id='word_1_42' title='bbox 1172 695 1203 752; x_wconf 93' lang='lat' dir='ltr'><strong>et</strong></span> <span class='ocrx_word' id='word_1_43' title='bbox 1217 687 1282 774; x_wconf 84' lang='lat'><strong>36).</strong></span> 
     </span>
    </p>
   </div>
   <div class='ocr_carea' id='block_1_4' title="bbox 399 929 995 1000">
    <p class='ocr_par' dir='ltr' id='par_1_4' title="bbox 399 929 995 1000">
     <span class='ocr_line' id='line_1_6' title="bbox 399 929 995 1000; baseline 0.005 -16"><span class='ocrx_word' id='word_1_44' title='bbox 399 935 424 985; x_wconf 79' lang='lat'><strong>2.</strong></span> <span class='ocrx_word' id='word_1_45' title='bbox 452 929 570 985; x_wconf 89' lang='lat' dir='ltr'><strong>duorum</strong></span> <span class='ocrx_word' id='word_1_46' title='bbox 587 934 650 1000; x_wconf 77' lang='lat' dir='ltr'><strong>cept</strong></span> <span class='ocrx_word' id='word_1_47' title='bbox 669 931 834 1000; x_wconf 76' lang='grc' dir='ltr'>εἱμαρμένη(</span> <span class='ocrx_word' id='word_1_48' title='bbox 852 932 995 988; x_wconf 88' lang='lat' dir='ltr'><strong>librorum.</strong></span> 
     </span>
    </p>
   </div>
   <div class='ocr_carea' id='block_1_5' title="bbox 105 1045 1286 4248">
    <p class='ocr_par' dir='ltr' id='par_1_5' title="bbox 107 1045 1284 1212">
     <span class='ocr_line' id='line_1_7' title="bbox 195 1045 1284 1123; baseline 0.005 -20"><span class='ocrx_word' id='word_1_49' title='bbox 195 1045 363 1122; x_wconf 79' lang='lat' dir='ltr'><strong>Vtriusque</strong></span> <span class='ocrx_word' id='word_1_50' title='bbox 381 1045 453 1104; x_wconf 89' lang='lat' dir='ltr'><strong>libri</strong></span> <span class='ocrx_word' id='word_1_51' title='bbox 470 1046 641 1123; x_wconf 78' lang='lat' dir='ltr'><strong>fragmenta</strong></span> <span class='ocrx_word' id='word_1_52' title='bbox 662 1065 730 1107; x_wconf 89' lang='lat' dir='ltr'><strong>cum</strong></span> <span class='ocrx_word' id='word_1_53' title='bbox 747 1047 915 1123; x_wconf 87' lang='lat' dir='ltr'><strong>promiscue</strong></span> <span class='ocrx_word' id='word_1_54' title='bbox 938 1067 957 1106; x_wconf 90' lang='lat' dir='ltr'><strong>a</strong></span> <span class='ocrx_word' id='word_1_55' title='bbox 978 1047 1133 1108; x_wconf 81' lang='lat' dir='ltr'><strong>veteribus</strong></span> <span class='ocrx_word' id='word_1_56' title='bbox 1152 1048 1284 1109; x_wconf 84' lang='lat' dir='ltr'><strong>citantur</strong></span> 
     </span>
     <span class='ocr_line' id='line_1_8' title="bbox 107 1133 940 1212; baseline 0.006 -20"><span class='ocrx_word' id='word_1_57' title='bbox 107 1134 150 1194; x_wconf 90' lang='lat' dir='ltr'><strong>ita</strong></span> <span class='ocrx_word' id='word_1_58' title='bbox 168 1135 338 1195; x_wconf 84' lang='lat' dir='ltr'><strong>enarranda</strong></span> <span class='ocrx_word' id='word_1_59' title='bbox 356 1137 440 1211; x_wconf 90' lang='lat' dir='ltr'><strong>sunt,</strong></span> <span class='ocrx_word' id='word_1_60' title='bbox 459 1138 494 1194; x_wconf 92' lang='lat' dir='ltr'><strong>ut</strong></span> <span class='ocrx_word' id='word_1_61' title='bbox 511 1135 594 1212; x_wconf 88' lang='lat' dir='ltr'><strong>ipsos</strong></span> <span class='ocrx_word' id='word_1_62' title='bbox 612 1133 778 1212; x_wconf 89' lang='lat' dir='ltr'><strong>sequamur&#39;</strong></span> <span class='ocrx_word' id='word_1_63' title='bbox 793 1140 940 1198; x_wconf 77' lang='lat' dir='ltr'><strong>auctores.</strong></span> 
     </span>
    </p>

    <p class='ocr_par' dir='ltr' id='par_1_6' title="bbox 105 1222 1285 2534">
     <span class='ocr_line' id='line_1_9' title="bbox 195 1222 1283 1302; baseline 0.002 -18"><span class='ocrx_word' id='word_1_64' title='bbox 195 1224 280 1284; x_wconf 90' lang='lat' dir='ltr'><strong>Duos</strong></span> <span class='ocrx_word' id='word_1_65' title='bbox 304 1224 398 1283; x_wconf 88' lang='lat' dir='ltr'><strong>fuisse</strong></span> <span class='ocrx_word' id='word_1_66' title='bbox 416 1222 579 1302; x_wconf 77' lang='lat' dir='ltr'><strong>Chrysippi</strong></span> <span class='ocrx_word' id='word_1_67' title='bbox 602 1226 639 1284; x_wconf 86' lang='lat' dir='ltr'><strong>de</strong></span> <span class='ocrx_word' id='word_1_68' title='bbox 662 1226 724 1285; x_wconf 90' lang='lat' dir='ltr'><strong>fato</strong></span> <span class='ocrx_word' id='word_1_69' title='bbox 743 1225 837 1286; x_wconf 90' lang='lat' dir='ltr'><strong>libros</strong></span> <span class='ocrx_word' id='word_1_70' title='bbox 856 1228 988 1286; x_wconf 89' lang='lat' dir='ltr'><strong>testatur</strong></span> <span class='ocrx_word' id='word_1_71' title='bbox 1005 1223 1283 1286; x_wconf 79' lang='lat' dir='ltr'><strong>DIOGENIANVS</strong></span> 
     </span>
     <span class='ocr_line' id='line_1_10' title="bbox 108 1306 1284 1397; baseline 0.002 -25"><span class='ocrx_word' id='word_1_72' title='bbox 108 1313 239 1390; x_wconf 87' lang='lat' dir='ltr'><strong>quidam,</strong></span> <span class='ocrx_word' id='word_1_73' title='bbox 257 1333 346 1390; x_wconf 91' lang='lat' dir='ltr'><strong>quem</strong></span> <span class='ocrx_word' id='word_1_74' title='bbox 364 1313 396 1372; x_wconf 91' lang='lat' dir='ltr'><strong>iu</strong></span> <span class='ocrx_word' id='word_1_75' title='bbox 414 1312 683 1390; x_wconf 73' lang='lat' dir='ltr'><strong>Peripateticorum</strong></span> <span class='ocrx_word' id='word_1_76' title='bbox 706 1334 865 1374; x_wconf 89' lang='lat' dir='ltr'><strong>numerum</strong></span> <span class='ocrx_word' id='word_1_77' title='bbox 884 1314 981 1374; x_wconf 87' lang='lat' dir='ltr'><strong>Zeller</strong></span> <span class='ocrx_word' id='word_1_78' title='bbox 1002 1315 1117 1391; x_wconf 91' lang='lat' dir='ltr'><strong>recepit</strong></span> <span class='ocrx_word' id='word_1_79' title='bbox 1136 1306 1187 1397; x_wconf 88' lang='lat' dir='ltr'><strong>(cf.</strong></span> <span class='ocrx_word' id='word_1_80' title='bbox 1205 1315 1284 1374; x_wconf 90' lang='lat' dir='ltr'><strong>infra</strong></span> 
     </span>
     <span class='ocr_line' id='line_1_11' title="bbox 108 1394 1283 1484; baseline 0.002 -21"><span class='ocrx_word' id='word_1_81' title='bbox 108 1423 134 1478; x_wconf 91' lang='lat' dir='ltr'><strong>p.</strong></span> <span class='ocrx_word' id='word_1_82' title='bbox 156 1394 244 1484; x_wconf 81' lang='lat'><strong>701).</strong></span> <span class='ocrx_word' id='word_1_83' title='bbox 281 1402 308 1460; x_wconf 91' lang='lat' dir='ltr'><strong>is</strong></span> <span class='ocrx_word' id='word_1_84' title='bbox 328 1421 396 1462; x_wconf 91' lang='lat' dir='ltr'><strong>cum</strong></span> <span class='ocrx_word' id='word_1_85' title='bbox 414 1401 451 1462; x_wconf 89' lang='lat' dir='ltr'><strong>de</strong></span> <span class='ocrx_word' id='word_1_86' title='bbox 468 1403 532 1462; x_wconf 85' lang='lat' dir='ltr'><strong>fato</strong></span> <span class='ocrx_word' id='word_1_87' title='bbox 550 1402 733 1464; x_wconf 75' lang='lat' dir='ltr'><strong>condidisset</strong></span> <span class='ocrx_word' id='word_1_88' title='bbox 750 1403 863 1463; x_wconf 90' lang='lat' dir='ltr'><strong>librum</strong></span> <span class='ocrx_word' id='word_1_89' title='bbox 880 1422 959 1464; x_wconf 91' lang='lat' dir='ltr'><strong>nunc</strong></span> <span class='ocrx_word' id='word_1_90' title='bbox 977 1403 1165 1481; x_wconf 86' lang='lat' dir='ltr'><strong>deperditum</strong></span> <span class='ocrx_word' id='word_1_91' title='bbox 1186 1404 1283 1480; x_wconf 90' lang='lat' dir='ltr'><strong>philo-</strong></span> 
     </span>
     <span class='ocr_line' id='line_1_12' title="bbox 108 1491 1283 1570; baseline 0.001 -18"><span class='ocrx_word' id='word_1_92' title='bbox 108 1492 270 1569; x_wconf 88' lang='lat' dir='ltr'><strong>sophorum</strong></span> <span class='ocrx_word' id='word_1_93' title='bbox 293 1491 426 1551; x_wconf 90' lang='lat' dir='ltr'><strong>omnium</strong></span> <span class='ocrx_word' id='word_1_94' title='bbox 449 1491 486 1551; x_wconf 91' lang='lat' dir='ltr'><strong>de</strong></span> <span class='ocrx_word' id='word_1_95' title='bbox 509 1493 565 1552; x_wconf 91' lang='lat' dir='ltr'><strong>hac</strong></span> <span class='ocrx_word' id='word_1_96' title='bbox 588 1493 715 1552; x_wconf 89' lang='lat' dir='ltr'><strong>materia</strong></span> <span class='ocrx_word' id='word_1_97' title='bbox 741 1493 880 1570; x_wconf 85' lang='lat' dir='ltr'><strong>exposuit</strong></span> <span class='ocrx_word' id='word_1_98' title='bbox 898 1497 929 1553; x_wconf 91' lang='lat' dir='ltr'><strong>et</strong></span> <span class='ocrx_word' id='word_1_99' title='bbox 950 1494 1102 1553; x_wconf 82' lang='lat' dir='ltr'><strong>recensuit</strong></span> <span class='ocrx_word' id='word_1_100' title='bbox 1120 1495 1283 1570; x_wconf 58' lang='lat' dir='ltr'><strong>doctrinam</strong></span> 
     </span>
     <span class='ocr_line' id='line_1_13' title="bbox 107 1582 1282 1660; baseline 0 -18"><span class='ocrx_word' id='word_1_101' title='bbox 107 1583 191 1642; x_wconf 88' lang='lat' dir='ltr'><strong>ouius</strong></span> <span class='ocrx_word' id='word_1_102' title='bbox 216 1582 314 1658; x_wconf 89' lang='lat' dir='ltr'><strong>operis</strong></span> <span class='ocrx_word' id='word_1_103' title='bbox 338 1599 375 1640; x_wconf 91' lang='lat' dir='ltr'><strong>ea</strong></span> <span class='ocrx_word' id='word_1_104' title='bbox 396 1598 481 1657; x_wconf 91' lang='lat' dir='ltr'><strong>pars,</strong></span> <span class='ocrx_word' id='word_1_105' title='bbox 506 1599 566 1657; x_wconf 90' lang='lat' dir='ltr'><strong>qua</strong></span> <span class='ocrx_word' id='word_1_106' title='bbox 588 1583 782 1642; x_wconf 84' lang='lat' dir='ltr'><strong>vehementer</strong></span> <span class='ocrx_word' id='word_1_107' title='bbox 810 1586 858 1642; x_wconf 90' lang='lat' dir='ltr'><strong>est</strong></span> <span class='ocrx_word' id='word_1_108' title='bbox 884 1601 1043 1660; x_wconf 82' lang='lat' dir='ltr'><strong>aggressus</strong></span> <span class='ocrx_word' id='word_1_109' title='bbox 1072 1582 1282 1660; x_wconf 86' lang='lat' dir='ltr'><strong>Chrysippum,</strong></span> 
     </span>
     <span class='ocr_line' id='line_1_14' title="bbox 107 1669 1284 1748; baseline 0.003 -19"><span class='ocrx_word' id='word_1_110' title='bbox 107 1671 239 1731; x_wconf 81' lang='lat' dir='ltr'><strong>Eusebio</strong></span> <span class='ocrx_word' id='word_1_111' title='bbox 262 1669 438 1729; x_wconf 89' lang='lat' dir='ltr'><strong>facultatem</strong></span> <span class='ocrx_word' id='word_1_112' title='bbox 462 1670 557 1746; x_wconf 89' lang='lat' dir='ltr'><strong>dedit,</strong></span> <span class='ocrx_word' id='word_1_113' title='bbox 581 1674 614 1730; x_wconf 88' lang='lat' dir='ltr'><strong>ut</strong></span> <span class='ocrx_word' id='word_1_114' title='bbox 637 1672 742 1731; x_wconf 92' lang='lat' dir='ltr'><strong>eadem</strong></span> <span class='ocrx_word' id='word_1_115' title='bbox 765 1690 855 1748; x_wconf 90' lang='lat' dir='ltr'><strong>opera</strong></span> <span class='ocrx_word' id='word_1_116' title='bbox 884 1676 914 1731; x_wconf 91' lang='lat' dir='ltr'><strong>et</strong></span> <span class='ocrx_word' id='word_1_117' title='bbox 943 1671 1034 1732; x_wconf 83' lang='lat' dir='ltr'><strong>Stoici</strong></span> <span class='ocrx_word' id='word_1_118' title='bbox 1063 1674 1219 1732; x_wconf 87' lang='lat' dir='ltr'><strong>summatis</strong></span> <span class='ocrx_word' id='word_1_119' title='bbox 1247 1672 1284 1732; x_wconf 93' lang='lat' dir='ltr'><strong>de</strong></span> 
     </span>
     <span class='ocr_line' id='line_1_15' title="bbox 106 1759 1284 1837; baseline 0.002 -19"><span class='ocrx_word' id='word_1_120' title='bbox 106 1761 169 1822; x_wconf 91' lang='lat' dir='ltr'><strong>fato</strong></span> <span class='ocrx_word' id='word_1_121' title='bbox 184 1759 366 1820; x_wconf 91' lang='lat' dir='ltr'><strong>sententiam</strong></span> <span class='ocrx_word' id='word_1_122' title='bbox 380 1760 533 1820; x_wconf 90' lang='lat' dir='ltr'><strong>commode</strong></span> <span class='ocrx_word' id='word_1_123' title='bbox 547 1760 709 1821; x_wconf 88' lang='lat' dir='ltr'><strong>lectoribus</strong></span> <span class='ocrx_word' id='word_1_124' title='bbox 724 1761 899 1837; x_wconf 80' lang='lat' dir='ltr'><strong>explanaret</strong></span> <span class='ocrx_word' id='word_1_125' title='bbox 918 1763 949 1820; x_wconf 91' lang='lat' dir='ltr'><strong>et</strong></span> <span class='ocrx_word' id='word_1_126' title='bbox 962 1760 1100 1821; x_wconf 85' lang='lat' dir='ltr'><strong>acerrimi</strong></span> <span class='ocrx_word' id='word_1_127' title='bbox 1119 1761 1284 1822; x_wconf 75' lang='lat' dir='ltr'><strong>aduersarii</strong></span> 
     </span>
     <span class='ocr_line' id='line_1_16' title="bbox 106 1849 1284 1927; baseline 0.003 -19"><span class='ocrx_word' id='word_1_128' title='bbox 106 1852 289 1926; x_wconf 82' lang='lat' dir='ltr'><strong>argumenta</strong></span> <span class='ocrx_word' id='word_1_129' title='bbox 306 1852 460 1924; x_wconf 88' lang='lat' dir='ltr'><strong>tamquam</strong></span> <span class='ocrx_word' id='word_1_130' title='bbox 484 1867 540 1908; x_wconf 90' lang='lat' dir='ltr'><strong>sua</strong></span> <span class='ocrx_word' id='word_1_131' title='bbox 561 1849 693 1910; x_wconf 84' lang='lat' dir='ltr'><strong>adderet.</strong></span> <span class='ocrx_word' id='word_1_132' title='bbox 735 1853 825 1926; x_wconf 83' lang='lat' dir='ltr'><strong>atque</strong></span> <span class='ocrx_word' id='word_1_133' title='bbox 844 1849 971 1910; x_wconf 86' lang='lat' dir='ltr'><strong>feliciter</strong></span> <span class='ocrx_word' id='word_1_134' title='bbox 989 1849 1110 1927; x_wconf 89' lang='lat' dir='ltr'><strong>accidit,</strong></span> <span class='ocrx_word' id='word_1_135' title='bbox 1134 1850 1212 1927; x_wconf 90' lang='lat' dir='ltr'><strong>quod</strong></span> <span class='ocrx_word' id='word_1_136' title='bbox 1235 1851 1284 1911; x_wconf 92' lang='lat' dir='ltr'><strong>hic</strong></span> 
     </span>
     <span class='ocr_line' id='line_1_17' title="bbox 105 1938 1285 2016; baseline 0 -18"><span class='ocrx_word' id='word_1_137' title='bbox 105 1939 314 2016; x_wconf 82' lang='lat' dir='ltr'><strong>Diogenianus</strong></span> <span class='ocrx_word' id='word_1_138' title='bbox 334 1956 465 1997; x_wconf 89' lang='lat' dir='ltr'><strong>summas</strong></span> <span class='ocrx_word' id='word_1_139' title='bbox 484 1939 636 1998; x_wconf 88' lang='lat' dir='ltr'><strong>doctrinas</strong></span> <span class='ocrx_word' id='word_1_140' title='bbox 655 1938 817 2016; x_wconf 81' lang='lat' dir='ltr'><strong>Chrysippi</strong></span> <span class='ocrx_word' id='word_1_141' title='bbox 835 1939 933 2016; x_wconf 88' lang='lat' dir='ltr'><strong>planis</strong></span> <span class='ocrx_word' id='word_1_142' title='bbox 949 1939 1049 1999; x_wconf 88' lang='lat' dir='ltr'><strong>verbis</strong></span> <span class='ocrx_word' id='word_1_143' title='bbox 1063 1939 1207 2001; x_wconf 86' lang='lat' dir='ltr'><strong>indicavit</strong></span> <span class='ocrx_word' id='word_1_144' title='bbox 1225 1941 1285 2000; x_wconf 88' lang='lat' dir='ltr'><strong>sin-</strong></span> 
     </span>
     <span class='ocr_line' id='line_1_18' title="bbox 106 2026 1284 2107; baseline 0.003 -21"><span class='ocrx_word' id='word_1_145' title='bbox 106 2029 239 2107; x_wconf 80' lang='lat' dir='ltr'><strong>gulaque</strong></span> <span class='ocrx_word' id='word_1_146' title='bbox 258 2026 396 2086; x_wconf 88' lang='lat' dir='ltr'><strong>refellere</strong></span> <span class='ocrx_word' id='word_1_147' title='bbox 415 2027 545 2105; x_wconf 73' lang='lat' dir='ltr'><strong>studuit,</strong></span> <span class='ocrx_word' id='word_1_148' title='bbox 564 2031 655 2105; x_wconf 88' lang='lat' dir='ltr'><strong>atque</strong></span> <span class='ocrx_word' id='word_1_149' title='bbox 674 2029 802 2104; x_wconf 87' lang='lat' dir='ltr'><strong>priorem</strong></span> <span class='ocrx_word' id='word_1_150' title='bbox 822 2028 912 2089; x_wconf 89' lang='lat' dir='ltr'><strong>alteri</strong></span> <span class='ocrx_word' id='word_1_151' title='bbox 929 2028 1008 2088; x_wconf 90' lang='lat' dir='ltr'><strong>libro</strong></span> <span class='ocrx_word' id='word_1_152' title='bbox 1022 2047 1146 2105; x_wconf 90' lang='lat' dir='ltr'><strong>prorsus</strong></span> <span class='ocrx_word' id='word_1_153' title='bbox 1165 2032 1284 2089; x_wconf 91' lang='lat' dir='ltr'><strong>contra-</strong></span> 
     </span>
     <span class='ocr_line' id='line_1_19' title="bbox 106 2116 1284 2195; baseline 0.002 -19"><span class='ocrx_word' id='word_1_154' title='bbox 106 2117 206 2177; x_wconf 85' lang='lat' dir='ltr'><strong>dicere</strong></span> <span class='ocrx_word' id='word_1_155' title='bbox 228 2117 274 2175; x_wconf 91' lang='lat' dir='ltr'><strong>ita</strong></span> <span class='ocrx_word' id='word_1_156' title='bbox 296 2116 448 2192; x_wconf 87' lang='lat' dir='ltr'><strong>probavit,</strong></span> <span class='ocrx_word' id='word_1_157' title='bbox 476 2118 511 2175; x_wconf 91' lang='lat' dir='ltr'><strong>ut</strong></span> <span class='ocrx_word' id='word_1_158' title='bbox 536 2117 692 2176; x_wconf 88' lang='lat' dir='ltr'><strong>consilium</strong></span> <span class='ocrx_word' id='word_1_159' title='bbox 721 2116 883 2195; x_wconf 77' lang='lat' dir='ltr'><strong>Chrysippi</strong></span> <span class='ocrx_word' id='word_1_160' title='bbox 912 2117 1032 2194; x_wconf 76' lang='lat' dir='ltr'><strong>egregie</strong></span> <span class='ocrx_word' id='word_1_161' title='bbox 1060 2118 1284 2194; x_wconf 87' lang='lat' dir='ltr'><strong>perspiciamus.</strong></span> 
     </span>
     <span class='ocr_line' id='line_1_20' title="bbox 106 2205 1284 2284; baseline 0.002 -19"><span class='ocrx_word' id='word_1_162' title='bbox 106 2206 249 2284; x_wconf 86' lang='lat' dir='ltr'><strong>quoniam</strong></span> <span class='ocrx_word' id='word_1_163' title='bbox 267 2208 426 2281; x_wconf 85' lang='lat' dir='ltr'><strong>praeterea</strong></span> <span class='ocrx_word' id='word_1_164' title='bbox 444 2205 507 2265; x_wconf 89' lang='lat' dir='ltr'><strong>sine</strong></span> <span class='ocrx_word' id='word_1_165' title='bbox 525 2206 594 2266; x_wconf 91' lang='lat' dir='ltr'><strong>dolo</strong></span> <span class='ocrx_word' id='word_1_166' title='bbox 612 2207 819 2268; x_wconf 88' lang='lat' dir='ltr'><strong>adversarium</strong></span> <span class='ocrx_word' id='word_1_167' title='bbox 838 2207 994 2283; x_wconf 85' lang='lat' dir='ltr'><strong>exscripsit</strong></span> <span class='ocrx_word' id='word_1_168' title='bbox 1012 2226 1109 2283; x_wconf 90' lang='lat' dir='ltr'><strong>neque</strong></span> <span class='ocrx_word' id='word_1_169' title='bbox 1126 2207 1212 2266; x_wconf 90' lang='lat' dir='ltr'><strong>illum</strong></span> <span class='ocrx_word' id='word_1_170' title='bbox 1231 2212 1284 2267; x_wconf 90' lang='lat' dir='ltr'><strong>aut</strong></span> 
     </span>
     <span class='ocr_line' id='line_1_21' title="bbox 106 2294 1285 2373; baseline 0.001 -18"><span class='ocrx_word' id='word_1_171' title='bbox 106 2315 138 2356; x_wconf 88' lang='lat' dir='ltr'><strong>se</strong></span> <span class='ocrx_word' id='word_1_172' title='bbox 167 2294 373 2369; x_wconf 85' lang='lat' dir='ltr'><strong>defraudavit,</strong></span> <span class='ocrx_word' id='word_1_173' title='bbox 400 2295 432 2354; x_wconf 90' lang='lat' dir='ltr'><strong>in</strong></span> <span class='ocrx_word' id='word_1_174' title='bbox 458 2296 586 2372; x_wconf 89' lang='lat' dir='ltr'><strong>utroque</strong></span> <span class='ocrx_word' id='word_1_175' title='bbox 613 2295 690 2356; x_wconf 89' lang='lat' dir='ltr'><strong>libro</strong></span> <span class='ocrx_word' id='word_1_176' title='bbox 717 2295 903 2356; x_wconf 89' lang='lat' dir='ltr'><strong>restituendo</strong></span> <span class='ocrx_word' id='word_1_177' title='bbox 931 2296 1077 2371; x_wconf 90' lang='lat' dir='ltr'><strong>optimum</strong></span> <span class='ocrx_word' id='word_1_178' title='bbox 1101 2315 1132 2355; x_wconf 88' lang='lat' dir='ltr'><strong>se</strong></span> <span class='ocrx_word' id='word_1_179' title='bbox 1159 2296 1285 2373; x_wconf 82' lang='lat' dir='ltr'><strong>praebet</strong></span> 
     </span>
     <span class='ocr_line' id='line_1_22' title="bbox 105 2382 1283 2464; baseline 0 -20"><span class='ocrx_word' id='word_1_180' title='bbox 105 2386 222 2445; x_wconf 90' lang='lat' dir='ltr'><strong>ducem.</strong></span> <span class='ocrx_word' id='word_1_181' title='bbox 256 2383 397 2442; x_wconf 90' lang='lat' dir='ltr'><strong>nimirum</strong></span> <span class='ocrx_word' id='word_1_182' title='bbox 416 2384 473 2463; x_wconf 93' lang='lat' dir='ltr'><strong>hic,</strong></span> <span class='ocrx_word' id='word_1_183' title='bbox 491 2386 526 2443; x_wconf 91' lang='lat' dir='ltr'><strong>ut</strong></span> <span class='ocrx_word' id='word_1_184' title='bbox 541 2382 642 2445; x_wconf 90' lang='lat' dir='ltr'><strong>Cicero</strong></span> <span class='ocrx_word' id='word_1_185' title='bbox 662 2387 694 2445; x_wconf 91' lang='lat' dir='ltr'><strong>et</strong></span> <span class='ocrx_word' id='word_1_186' title='bbox 707 2384 877 2444; x_wconf 87' lang='lat' dir='ltr'><strong>Alexander</strong></span> <span class='ocrx_word' id='word_1_187' title='bbox 892 2384 1143 2464; x_wconf 89' lang='lat' dir='ltr'><strong>Aphrodisiensis,</strong></span> <span class='ocrx_word' id='word_1_188' title='bbox 1162 2390 1283 2446; x_wconf 87' lang='lat' dir='ltr'><strong>auctore</strong></span> 
     </span>
     <span class='ocr_line' id='line_1_23' title="bbox 105 2472 878 2534; baseline 0.001 -1"><span class='ocrx_word' id='word_1_189' title='bbox 105 2472 228 2534; x_wconf 86' lang='lat' dir='ltr'><strong>videtur</strong></span> <span class='ocrx_word' id='word_1_190' title='bbox 246 2491 319 2532; x_wconf 88' lang='lat' dir='ltr'><strong>usus</strong></span> <span class='ocrx_word' id='word_1_191' title='bbox 338 2491 404 2532; x_wconf 91' lang='lat' dir='ltr'><strong>esse</strong></span> <span class='ocrx_word' id='word_1_192' title='bbox 423 2474 471 2533; x_wconf 82' lang='lat' dir='ltr'><strong>vel</strong></span> <span class='ocrx_word' id='word_1_193' title='bbox 490 2472 663 2534; x_wconf 86' lang='lat' dir='ltr'><strong>auctoribus</strong></span> <span class='ocrx_word' id='word_1_194' title='bbox 682 2474 878 2534; x_wconf 84' lang='lat' dir='ltr'><strong>Academicis.</strong></span> 
     </span>
    </p>

    <p class='ocr_par' dir='ltr' id='par_1_7' title="bbox 105 2559 1286 4066">
     <span class='ocr_line' id='line_1_24' title="bbox 196 2559 1283 2638; baseline 0.001 -17"><span class='ocrx_word' id='word_1_195' title='bbox 196 2560 287 2621; x_wconf 86' lang='lat' dir='ltr'><strong>Certo</strong></span> <span class='ocrx_word' id='word_1_196' title='bbox 305 2559 451 2622; x_wconf 79' lang='lat' dir='ltr'><strong>ClCthO</strong></span> <span class='ocrx_word' id='word_1_197' title='bbox 469 2563 500 2620; x_wconf 92' lang='lat' dir='ltr'><strong>in</strong></span> <span class='ocrx_word' id='word_1_198' title='bbox 519 2563 721 2638; x_wconf 90' lang='lat' dir='ltr'><strong>componendo</strong></span> <span class='ocrx_word' id='word_1_199' title='bbox 744 2562 781 2622; x_wconf 91' lang='lat' dir='ltr'><strong>de</strong></span> <span class='ocrx_word' id='word_1_200' title='bbox 804 2564 868 2623; x_wconf 90' lang='lat' dir='ltr'><strong>fato</strong></span> <span class='ocrx_word' id='word_1_201' title='bbox 891 2562 993 2624; x_wconf 89' lang='lat' dir='ltr'><strong>libello</strong></span> <span class='ocrx_word' id='word_1_202' title='bbox 1016 2565 1136 2624; x_wconf 89' lang='lat' dir='ltr'><strong>secutus</strong></span> <span class='ocrx_word' id='word_1_203' title='bbox 1155 2565 1203 2623; x_wconf 92' lang='lat' dir='ltr'><strong>est</strong></span> <span class='ocrx_word' id='word_1_204' title='bbox 1221 2562 1283 2622; x_wconf 87' lang='lat' dir='ltr'><strong>An·</strong></span> 
     </span>
     <span class='ocr_line' id='line_1_25' title="bbox 105 2650 1284 2729; baseline 0.001 -18"><span class='ocrx_word' id='word_1_205' title='bbox 105 2652 242 2711; x_wconf 88' lang='lat' dir='ltr'><strong>tiochum</strong></span> <span class='ocrx_word' id='word_1_206' title='bbox 260 2650 483 2729; x_wconf 84' lang='lat' dir='ltr'><strong>Ascalonitam,</strong></span> <span class='ocrx_word' id='word_1_207' title='bbox 501 2650 532 2709; x_wconf 91' lang='lat' dir='ltr'><strong>id</strong></span> <span class='ocrx_word' id='word_1_208' title='bbox 555 2653 636 2727; x_wconf 90' lang='lat' dir='ltr'><strong>quod</strong></span> <span class='ocrx_word' id='word_1_209' title='bbox 659 2650 729 2712; x_wconf 92' lang='lat' dir='ltr'><strong>inde</strong></span> <span class='ocrx_word' id='word_1_210' title='bbox 752 2653 863 2729; x_wconf 89' lang='lat' dir='ltr'><strong>elucet,</strong></span> <span class='ocrx_word' id='word_1_211' title='bbox 886 2652 1039 2728; x_wconf 90' lang='lat' dir='ltr'><strong>quianon</strong></span> <span class='ocrx_word' id='word_1_212' title='bbox 1064 2652 1160 2711; x_wconf 89' lang='lat' dir='ltr'><strong>solum</strong></span> <span class='ocrx_word' id='word_1_213' title='bbox 1178 2651 1284 2712; x_wconf 90' lang='lat' dir='ltr'><strong>iudea</strong></span> 
     </span>
     <span class='ocr_line' id='line_1_26' title="bbox 107 2738 1284 2817; baseline 0 -17"><span class='ocrx_word' id='word_1_214' title='bbox 107 2739 126 2814; x_wconf 65' lang='grc' dir='ltr'><strong>ἓ</strong></span> <span class='ocrx_word' id='word_1_215' title='bbox 147 2743 188 2800; x_wconf 88' lang='grc'><strong>31</strong></span> <span class='ocrx_word' id='word_1_216' title='bbox 211 2738 374 2799; x_wconf 89' lang='lat' dir='ltr'><strong>Carneadis</strong></span> <span class='ocrx_word' id='word_1_217' title='bbox 393 2741 557 2800; x_wconf 89' lang='lat' dir='ltr'><strong>auctoritas</strong></span> <span class='ocrx_word' id='word_1_218' title='bbox 571 2744 713 2801; x_wconf 88' lang='lat' dir='ltr'><strong>evocatur</strong></span> <span class='ocrx_word' id='word_1_219' title='bbox 730 2743 884 2817; x_wconf 84' lang='lat' dir='ltr'><strong>tamquam</strong></span> <span class='ocrx_word' id='word_1_220' title='bbox 900 2740 1070 2817; x_wconf 90' lang='lat' dir='ltr'><strong>philosophi</strong></span> <span class='ocrx_word' id='word_1_221' title='bbox 1088 2740 1212 2802; x_wconf 81' lang='lat' dir='ltr'><strong>victoris</strong></span> <span class='ocrx_word' id='word_1_222' title='bbox 1232 2741 1284 2801; x_wconf 90' lang='lat' dir='ltr'><strong>sed</strong></span> 
     </span>
     <span class='ocr_line' id='line_1_27' title="bbox 107 2826 1284 2907; baseline 0.001 -19"><span class='ocrx_word' id='word_1_223' title='bbox 107 2829 199 2890; x_wconf 88' lang='lat' dir='ltr'><strong>etiam</strong></span> <span class='ocrx_word' id='word_1_224' title='bbox 224 2826 246 2905; x_wconf 64' lang='grc' dir='ltr'>ξ</span> <span class='ocrx_word' id='word_1_225' title='bbox 265 2831 308 2888; x_wconf 88' lang='grc'><strong>44</strong></span> <span class='ocrx_word' id='word_1_226' title='bbox 332 2828 572 2890; x_wconf 87' lang='lat' dir='ltr'><strong>adversariorum</strong></span> <span class='ocrx_word' id='word_1_227' title='bbox 597 2829 763 2890; x_wconf 86' lang='lat' dir='ltr'><strong>sententiae</strong></span> <span class='ocrx_word' id='word_1_228' title='bbox 786 2830 830 2890; x_wconf 91' lang='lat' dir='ltr'><strong>ita</strong></span> <span class='ocrx_word' id='word_1_229' title='bbox 852 2833 1064 2905; x_wconf 86' lang='lat' dir='ltr'><strong>comparantur</strong></span> <span class='ocrx_word' id='word_1_230' title='bbox 1087 2830 1205 2907; x_wconf 90' lang='lat' dir='ltr'><strong>aliaque</strong></span> <span class='ocrx_word' id='word_1_231' title='bbox 1232 2830 1284 2889; x_wconf 90' lang='lat' dir='ltr'><strong>alii</strong></span> 
     </span>
     <span class='ocr_line' id='line_1_28' title="bbox 107 2911 1285 3001; baseline 0 -22"><span class='ocrx_word' id='word_1_232' title='bbox 107 2918 327 2990; x_wconf 88' lang='lat' dir='ltr'><strong>accomodatur,</strong></span> <span class='ocrx_word' id='word_1_233' title='bbox 346 2920 381 2976; x_wconf 90' lang='lat' dir='ltr'><strong>ut</strong></span> <span class='ocrx_word' id='word_1_234' title='bbox 400 2918 549 2978; x_wconf 88' lang='lat' dir='ltr'><strong>conclusio</strong></span> <span class='ocrx_word' id='word_1_235' title='bbox 564 2918 618 2978; x_wconf 91' lang='lat' dir='ltr'><strong>fiat</strong></span> <span class='ocrx_word' id='word_1_236' title='bbox 636 2913 748 2980; x_wconf 70' lang='lat' dir='ltr'><strong>‘verbis</strong></span> <span class='ocrx_word' id='word_1_237' title='bbox 764 2939 814 2981; x_wconf 89' lang='lat' dir='ltr'><strong>eos</strong></span> <span class='ocrx_word' id='word_1_238' title='bbox 827 2939 888 2979; x_wconf 91' lang='lat' dir='ltr'><strong>non</strong></span> <span class='ocrx_word' id='word_1_239' title='bbox 901 2939 934 2978; x_wconf 92' lang='lat' dir='ltr'><strong>re</strong></span> <span class='ocrx_word' id='word_1_240' title='bbox 949 2913 1105 2979; x_wconf 89' lang='lat' dir='ltr'><strong>dissidere&#39;</strong></span> <span class='ocrx_word' id='word_1_241' title='bbox 1120 2911 1171 3001; x_wconf 89' lang='lat' dir='ltr'><strong>(ef.</strong></span> <span class='ocrx_word' id='word_1_242' title='bbox 1187 2920 1285 2979; x_wconf 87' lang='lat' dir='ltr'><strong>Zeller</strong></span> 
     </span>
     <span class='ocr_line' id='line_1_29' title="bbox 107 2999 1284 3088; baseline 0.003 -22"><span class='ocrx_word' id='word_1_243' title='bbox 107 2999 164 3066; x_wconf 61' lang='grc' dir='ltr'><strong>ΝΒ</strong></span> <span class='ocrx_word' id='word_1_244' title='bbox 184 3009 264 3085; x_wconf 82' lang='lat'><strong>602,</strong></span> <span class='ocrx_word' id='word_1_245' title='bbox 284 3009 303 3066; x_wconf 78' lang='lat'><strong>2</strong></span> <span class='ocrx_word' id='word_1_246' title='bbox 324 3008 354 3066; x_wconf 90' lang='lat' dir='ltr'><strong>et</strong></span> <span class='ocrx_word' id='word_1_247' title='bbox 373 3000 417 3088; x_wconf 82' lang='lat'><strong>3).</strong></span> <span class='ocrx_word' id='word_1_248' title='bbox 459 3007 538 3085; x_wconf 89' lang='lat' dir='ltr'><strong>quod</strong></span> <span class='ocrx_word' id='word_1_249' title='bbox 562 3027 629 3068; x_wconf 93' lang='lat' dir='ltr'><strong>cum</strong></span> <span class='ocrx_word' id='word_1_250' title='bbox 652 3007 835 3069; x_wconf 86' lang='lat' dir='ltr'><strong>Antiochum</strong></span> <span class='ocrx_word' id='word_1_251' title='bbox 857 3008 965 3068; x_wconf 91' lang='lat' dir='ltr'><strong>melius</strong></span> <span class='ocrx_word' id='word_1_252' title='bbox 988 3008 1173 3069; x_wconf 87' lang='lat' dir='ltr'><strong>demonstret</strong></span> <span class='ocrx_word' id='word_1_253' title='bbox 1194 3029 1284 3086; x_wconf 91' lang='lat' dir='ltr'><strong>quam</strong></span> 
     </span>
     <span class='ocr_line' id='line_1_30' title="bbox 108 3096 1281 3174; baseline 0.001 -19"><span class='ocrx_word' id='word_1_254' title='bbox 108 3097 223 3174; x_wconf 89' lang='lat' dir='ltr'><strong>Hoyeri</strong></span> <span class='ocrx_word' id='word_1_255' title='bbox 240 3096 359 3171; x_wconf 89' lang='lat' dir='ltr'><strong>tabula,</strong></span> <span class='ocrx_word' id='word_1_256' title='bbox 378 3096 538 3173; x_wconf 90' lang='lat' dir='ltr'><strong>aliquando</strong></span> <span class='ocrx_word' id='word_1_257' title='bbox 561 3097 722 3174; x_wconf 88' lang='lat' dir='ltr'><strong>disceptari</strong></span> <span class='ocrx_word' id='word_1_258' title='bbox 739 3100 849 3174; x_wconf 88' lang='lat' dir='ltr'><strong>potest,</strong></span> <span class='ocrx_word' id='word_1_259' title='bbox 870 3100 973 3157; x_wconf 87' lang='lat' dir='ltr'><strong>utrum</strong></span> <span class='ocrx_word' id='word_1_260' title='bbox 990 3116 1050 3158; x_wconf 90' lang='lat' dir='ltr'><strong>non</strong></span> <span class='ocrx_word' id='word_1_261' title='bbox 1067 3098 1169 3158; x_wconf 90' lang='lat' dir='ltr'><strong>nullae</strong></span> <span class='ocrx_word' id='word_1_262' title='bbox 1188 3099 1281 3158; x_wconf 81' lang='lat' dir='ltr'><strong>detor-</strong></span> 
     </span>
     <span class='ocr_line' id='line_1_31' title="bbox 108 3183 1285 3262; baseline 0.002 -16"><span class='ocrx_word' id='word_1_263' title='bbox 108 3190 157 3246; x_wconf 81' lang='lat' dir='ltr'><strong>tae</strong></span> <span class='ocrx_word' id='word_1_264' title='bbox 176 3184 341 3262; x_wconf 85' lang='lat' dir='ltr'><strong>Chrysippi</strong></span> <span class='ocrx_word' id='word_1_265' title='bbox 360 3186 527 3246; x_wconf 84' lang='lat' dir='ltr'><strong>sententiae</strong></span> <span class='ocrx_word' id='word_1_266' title='bbox 545 3205 564 3245; x_wconf 92' lang='lat' dir='ltr'><strong>a</strong></span> <span class='ocrx_word' id='word_1_267' title='bbox 582 3183 721 3247; x_wconf 89' lang='lat' dir='ltr'><strong>Cicerone</strong></span> <span class='ocrx_word' id='word_1_268' title='bbox 740 3187 818 3246; x_wconf 91' lang='lat' dir='ltr'><strong>male</strong></span> <span class='ocrx_word' id='word_1_269' title='bbox 836 3186 1007 3246; x_wconf 87' lang='lat' dir='ltr'><strong>intellectae</strong></span> <span class='ocrx_word' id='word_1_270' title='bbox 1026 3205 1065 3261; x_wconf 83' lang='lat' dir='ltr'><strong>an</strong></span> <span class='ocrx_word' id='word_1_271' title='bbox 1083 3187 1121 3247; x_wconf 90' lang='lat' dir='ltr'><strong>ab</strong></span> <span class='ocrx_word' id='word_1_272' title='bbox 1135 3186 1285 3248; x_wconf 90' lang='lat' dir='ltr'><strong>Antiocho</strong></span> 
     </span>
     <span class='ocr_line' id='line_1_32' title="bbox 107 3274 1285 3353; baseline 0.002 -19"><span class='ocrx_word' id='word_1_273' title='bbox 107 3276 244 3334; x_wconf 88' lang='lat' dir='ltr'><strong>consulto</strong></span> <span class='ocrx_word' id='word_1_274' title='bbox 263 3274 395 3334; x_wconf 89' lang='lat' dir='ltr'><strong>deflexae</strong></span> <span class='ocrx_word' id='word_1_275' title='bbox 415 3276 484 3338; x_wconf 87' lang='lat' dir='ltr'><strong>sint.</strong></span> <span class='ocrx_word' id='word_1_276' title='bbox 519 3276 576 3336; x_wconf 91' lang='lat' dir='ltr'><strong>hoc</strong></span> <span class='ocrx_word' id='word_1_277' title='bbox 595 3277 771 3353; x_wconf 90' lang='lat' dir='ltr'><strong>plerumque</strong></span> <span class='ocrx_word' id='word_1_278' title='bbox 790 3275 892 3353; x_wconf 75' lang='lat' dir='ltr'><strong>credo,</strong></span> <span class='ocrx_word' id='word_1_279' title='bbox 912 3277 978 3352; x_wconf 89' lang='lat' dir='ltr'><strong>ipse</strong></span> <span class='ocrx_word' id='word_1_280' title='bbox 997 3274 1100 3336; x_wconf 87' lang='lat' dir='ltr'><strong>Cicero</strong></span> <span class='ocrx_word' id='word_1_281' title='bbox 1120 3277 1213 3336; x_wconf 90' lang='lat' dir='ltr'><strong>semel</strong></span> <span class='ocrx_word' id='word_1_282' title='bbox 1232 3277 1285 3335; x_wconf 92' lang='lat' dir='ltr'><strong>ali-</strong></span> 
     </span>
     <span class='ocr_line' id='line_1_33' title="bbox 108 3357 1285 3444; baseline 0.003 -21"><span class='ocrx_word' id='word_1_283' title='bbox 108 3364 178 3442; x_wconf 90' lang='lat' dir='ltr'><strong>quid</strong></span> <span class='ocrx_word' id='word_1_284' title='bbox 205 3363 339 3437; x_wconf 79' lang='lat' dir='ltr'><strong>uovavit,</strong></span> <span class='ocrx_word' id='word_1_285' title='bbox 371 3383 438 3424; x_wconf 92' lang='lat' dir='ltr'><strong>cum</strong></span> <span class='ocrx_word' id='word_1_286' title='bbox 464 3382 520 3440; x_wconf 92' lang='lat' dir='ltr'><strong>pro</strong></span> <span class='ocrx_word' id='word_1_287' title='bbox 549 3365 665 3425; x_wconf 89' lang='lat' dir='ltr'><strong>athleta</strong></span> <span class='ocrx_word' id='word_1_288' title='bbox 695 3364 823 3443; x_wconf 88' lang='lat' dir='ltr'><strong>quodam</strong></span> <span class='ocrx_word' id='word_1_289' title='bbox 852 3357 1075 3444; x_wconf 81' lang='lat' dir='ltr'><strong>Hagesarch0¹,</strong></span> <span class='ocrx_word' id='word_1_290' title='bbox 1104 3385 1193 3443; x_wconf 91' lang='lat' dir='ltr'><strong>quem</strong></span> <span class='ocrx_word' id='word_1_291' title='bbox 1221 3366 1285 3426; x_wconf 89' lang='lat' dir='ltr'><strong>sine</strong></span> 
     </span>
     <span class='ocr_line' id='line_1_34' title="bbox 108 3447 1285 3536; baseline 0.001 -23"><span class='ocrx_word' id='word_1_292' title='bbox 108 3453 199 3514; x_wconf 89' lang='lat' dir='ltr'><strong>dubio</strong></span> <span class='ocrx_word' id='word_1_293' title='bbox 217 3454 286 3529; x_wconf 89' lang='lat' dir='ltr'><strong>ipso</strong></span> <span class='ocrx_word' id='word_1_294' title='bbox 305 3451 473 3530; x_wconf 85' lang='lat' dir='ltr'><strong>Chrysippo</strong></span> <span class='ocrx_word' id='word_1_295' title='bbox 496 3457 618 3514; x_wconf 83' lang='lat' dir='ltr'><strong>auctore</strong></span> <span class='ocrx_word' id='word_1_296' title='bbox 640 3455 774 3515; x_wconf 90' lang='lat' dir='ltr'><strong>nominat</strong></span> <span class='ocrx_word' id='word_1_297' title='bbox 792 3454 996 3531; x_wconf 82' lang='lat' dir='ltr'><strong>Diogeniauus</strong></span> <span class='ocrx_word' id='word_1_298' title='bbox 1020 3447 1092 3536; x_wconf 84' lang='lat' dir='ltr'><strong>(frg.</strong></span> <span class='ocrx_word' id='word_1_299' title='bbox 1114 3451 1205 3532; x_wconf 87' lang='grc'>116),</span> <span class='ocrx_word' id='word_1_300' title='bbox 1231 3455 1285 3514; x_wconf 89' lang='lat' dir='ltr'><strong>Mi-</strong></span> 
     </span>
     <span class='ocr_line' id='line_1_35' title="bbox 109 3542 1285 3622; baseline 0.003 -22"><span class='ocrx_word' id='word_1_301' title='bbox 109 3543 208 3604; x_wconf 89' lang='lat' dir='ltr'><strong>leuem</strong></span> <span class='ocrx_word' id='word_1_302' title='bbox 227 3542 463 3620; x_wconf 83' lang='lat' dir='ltr'><strong>Pythagoreum,</strong></span> <span class='ocrx_word' id='word_1_303' title='bbox 482 3561 568 3618; x_wconf 91' lang='lat' dir='ltr'><strong>quem</strong></span> <span class='ocrx_word' id='word_1_304' title='bbox 586 3562 688 3604; x_wconf 90' lang='lat' dir='ltr'><strong>omues</strong></span> <span class='ocrx_word' id='word_1_305' title='bbox 701 3544 783 3603; x_wconf 91' lang='lat' dir='ltr'><strong>illius</strong></span> <span class='ocrx_word' id='word_1_306' title='bbox 802 3544 912 3603; x_wconf 88' lang='lat' dir='ltr'><strong>aetatis</strong></span> <span class='ocrx_word' id='word_1_307' title='bbox 927 3547 1074 3604; x_wconf 85' lang='lat' dir='ltr'><strong>noverant</strong></span> <span class='ocrx_word' id='word_1_308' title='bbox 1087 3544 1223 3622; x_wconf 87' lang='lat' dir='ltr'><strong>Romani,</strong></span> <span class='ocrx_word' id='word_1_309' title='bbox 1242 3546 1285 3604; x_wconf 94' lang='lat' dir='ltr'><strong>iu-</strong></span> 
     </span>
     <span class='ocr_line' id='line_1_36' title="bbox 109 3621 1285 3711; baseline 0.002 -21"><span class='ocrx_word' id='word_1_310' title='bbox 109 3631 193 3691; x_wconf 87' lang='lat' dir='ltr'><strong>duxit</strong></span> <span class='ocrx_word' id='word_1_311' title='bbox 209 3623 281 3711; x_wconf 79' lang='lat' dir='ltr'><strong>(frg.</strong></span> <span class='ocrx_word' id='word_1_312' title='bbox 295 3621 387 3711; x_wconf 85' lang='lat'>117):</span> <span class='ocrx_word' id='word_1_313' title='bbox 401 3632 450 3692; x_wconf 85' lang='lat' dir='ltr'><strong>vel</strong></span> <span class='ocrx_word' id='word_1_314' title='bbox 463 3632 520 3690; x_wconf 86' lang='lat' dir='ltr'><strong>hac</strong></span> <span class='ocrx_word' id='word_1_315' title='bbox 534 3650 615 3692; x_wconf 89' lang='lat' dir='ltr'><strong>exre</strong></span> <span class='ocrx_word' id='word_1_316' title='bbox 629 3635 756 3709; x_wconf 87' lang='lat' dir='ltr'><strong>apparet</strong></span> <span class='ocrx_word' id='word_1_317' title='bbox 770 3632 924 3694; x_wconf 86' lang='lat' dir='ltr'><strong>sinceritas</strong></span> <span class='ocrx_word' id='word_1_318' title='bbox 938 3633 1125 3709; x_wconf 83' lang='lat' dir='ltr'><strong>Diogeniani.</strong></span> <span class='ocrx_word' id='word_1_319' title='bbox 1152 3636 1285 3694; x_wconf 88' lang='lat' dir='ltr'><strong>ceterum</strong></span> 
     </span>
     <span class='ocr_line' id='line_1_37' title="bbox 109 3718 1285 3799; baseline 0.002 -19"><span class='ocrx_word' id='word_1_320' title='bbox 109 3721 232 3780; x_wconf 88' lang='lat' dir='ltr'><strong>multae</strong></span> <span class='ocrx_word' id='word_1_321' title='bbox 243 3718 394 3779; x_wconf 89' lang='lat' dir='ltr'><strong>Ciceronis</strong></span> <span class='ocrx_word' id='word_1_322' title='bbox 405 3720 523 3796; x_wconf 88' lang='lat' dir='ltr'><strong>scripto,</strong></span> <span class='ocrx_word' id='word_1_323' title='bbox 539 3740 720 3799; x_wconf 88' lang='lat' dir='ltr'><strong>quamquam</strong></span> <span class='ocrx_word' id='word_1_324' title='bbox 733 3723 864 3798; x_wconf 88' lang='lat' dir='ltr'><strong>turpiter</strong></span> <span class='ocrx_word' id='word_1_325' title='bbox 877 3723 1051 3782; x_wconf 88' lang='lat' dir='ltr'><strong>mutilatum</strong></span> <span class='ocrx_word' id='word_1_326' title='bbox 1064 3724 1097 3782; x_wconf 91' lang='lat' dir='ltr'><strong>et</strong></span> <span class='ocrx_word' id='word_1_327' title='bbox 1109 3741 1285 3798; x_wconf 88' lang='lat' dir='ltr'><strong>perversum</strong></span> 
     </span>
     <span class='ocr_line' id='line_1_38' title="bbox 109 3809 1286 3889; baseline 0.003 -21"><span class='ocrx_word' id='word_1_328' title='bbox 109 3809 193 3870; x_wconf 91' lang='lat' dir='ltr'><strong>nobis</strong></span> <span class='ocrx_word' id='word_1_329' title='bbox 212 3809 360 3869; x_wconf 87' lang='lat' dir='ltr'><strong>traditum</strong></span> <span class='ocrx_word' id='word_1_330' title='bbox 379 3812 434 3883; x_wconf 89' lang='lat' dir='ltr'><strong>est,</strong></span> <span class='ocrx_word' id='word_1_331' title='bbox 453 3809 528 3870; x_wconf 90' lang='lat' dir='ltr'><strong>disci</strong></span> <span class='ocrx_word' id='word_1_332' title='bbox 545 3814 672 3886; x_wconf 88' lang='lat' dir='ltr'><strong>possunt</strong></span> <span class='ocrx_word' id='word_1_333' title='bbox 689 3811 835 3887; x_wconf 87' lang='lat' dir='ltr'><strong>valdeque</strong></span> <span class='ocrx_word' id='word_1_334' title='bbox 856 3811 1017 3872; x_wconf 90' lang='lat' dir='ltr'><strong>dolendum</strong></span> <span class='ocrx_word' id='word_1_335' title='bbox 1036 3813 1091 3889; x_wconf 91' lang='lat' dir='ltr'><strong>est,</strong></span> <span class='ocrx_word' id='word_1_336' title='bbox 1110 3812 1189 3888; x_wconf 88' lang='lat' dir='ltr'><strong>quod</strong></span> <span class='ocrx_word' id='word_1_337' title='bbox 1207 3831 1286 3872; x_wconf 87' lang='lat' dir='ltr'><strong>nunc</strong></span> 
     </span>
     <span class='ocr_line' id='line_1_39' title="bbox 109 3898 1285 3978; baseline 0.003 -22"><span class='ocrx_word' id='word_1_338' title='bbox 109 3917 125 3956; x_wconf 87' lang='lat' dir='ltr'><strong>a</strong></span> <span class='ocrx_word' id='word_1_339' title='bbox 142 3899 296 3974; x_wconf 89' lang='lat' dir='ltr'><strong>plerisque</strong></span> <span class='ocrx_word' id='word_1_340' title='bbox 314 3898 495 3976; x_wconf 81' lang='lat' dir='ltr'><strong>neglegitur.</strong></span> <span class='ocrx_word' id='word_1_341' title='bbox 532 3919 591 3959; x_wconf 91' lang='lat' dir='ltr'><strong>non</strong></span> <span class='ocrx_word' id='word_1_342' title='bbox 612 3901 696 3960; x_wconf 90' lang='lat' dir='ltr'><strong>nulla</strong></span> <span class='ocrx_word' id='word_1_343' title='bbox 715 3919 851 3961; x_wconf 87' lang='lat' dir='ltr'><strong>servasse</strong></span> <span class='ocrx_word' id='word_1_344' title='bbox 870 3900 1010 3960; x_wconf 80' lang='lat' dir='ltr'><strong>Tulliana</strong></span> <span class='ocrx_word' id='word_1_345' title='bbox 1023 3901 1230 3978; x_wconf 83' lang='lat' dir='ltr'><strong>Augustinum</strong></span> <span class='ocrx_word' id='word_1_346' title='bbox 1248 3902 1285 3960; x_wconf 90' lang='lat' dir='ltr'><strong>de</strong></span> 
     </span>
     <span class='ocr_line' id='line_1_40' title="bbox 110 3987 1284 4066; baseline 0.004 -22"><span class='ocrx_word' id='word_1_347' title='bbox 110 3987 161 4048; x_wconf 80' lang='lat' dir='ltr'><strong>cis.</strong></span> <span class='ocrx_word' id='word_1_348' title='bbox 181 3988 209 4048; x_wconf 92' lang='lat' dir='ltr'><strong>d.</strong></span> <span class='ocrx_word' id='word_1_349' title='bbox 229 3987 257 4044; x_wconf 88' lang='lat' dir='ltr'><strong>V</strong></span> <span class='ocrx_word' id='word_1_350' title='bbox 278 3988 296 4046; x_wconf 87' lang='lat'><strong>9</strong></span> <span class='ocrx_word' id='word_1_351' title='bbox 321 3987 436 4062; x_wconf 88' lang='lat' dir='ltr'><strong>primus</strong></span> <span class='ocrx_word' id='word_1_352' title='bbox 458 3987 572 4064; x_wconf 90' lang='lat' dir='ltr'><strong>reperit</strong></span> <span class='ocrx_word' id='word_1_353' title='bbox 596 3987 680 4066; x_wconf 91' lang='lat' dir='ltr'><strong>Otto,</strong></span> <span class='ocrx_word' id='word_1_354' title='bbox 703 3990 739 4050; x_wconf 87' lang='lat' dir='ltr'><strong>ef.</strong></span> <span class='ocrx_word' id='word_1_355' title='bbox 758 3987 873 4065; x_wconf 90' lang='lat' dir='ltr'><strong>Osann,</strong></span> <span class='ocrx_word' id='word_1_356' title='bbox 895 3989 1036 4066; x_wconf 78' lang='lat' dir='ltr'><strong>Beitrtge</strong></span> <span class='ocrx_word' id='word_1_357' title='bbox 1059 3989 1075 4048; x_wconf 97' lang='lat' dir='ltr'>I</span> <span class='ocrx_word' id='word_1_358' title='bbox 1096 4010 1126 4065; x_wconf 88' lang='lat' dir='ltr'><strong>p.</strong></span> <span class='ocrx_word' id='word_1_359' title='bbox 1146 3991 1210 4049; x_wconf 79' lang='lat'><strong>254</strong></span> <span class='ocrx_word' id='word_1_360' title='bbox 1221 4008 1284 4066; x_wconf 87' lang='lat' dir='ltr'><strong>sqq.</strong></span> 
     </span>
    </p>

    <p class='ocr_par' dir='ltr' id='par_1_8' title="bbox 109 4073 1286 4248">
     <span class='ocr_line' id='line_1_41' title="bbox 196 4073 1284 4154; baseline 0.004 -20"><span class='ocrx_word' id='word_1_361' title='bbox 196 4074 450 4135; x_wconf 77' lang='lat' dir='ltr'><strong>ALEXANDER</strong></span> <span class='ocrx_word' id='word_1_362' title='bbox 468 4076 712 4153; x_wconf 88' lang='lat' dir='ltr'><strong>Aphrodisiensis</strong></span> <span class='ocrx_word' id='word_1_363' title='bbox 730 4078 842 4138; x_wconf 89' lang='lat' dir='ltr'><strong>librum</strong></span> <span class='ocrx_word' id='word_1_364' title='bbox 860 4074 934 4153; x_wconf 87' lang='grc' dir='ltr'>περὶ</span> <span class='ocrx_word' id='word_1_365' title='bbox 953 4073 1142 4154; x_wconf 77' lang='grc' dir='ltr'>εἱμαρμένη(</span> <span class='ocrx_word' id='word_1_366' title='bbox 1160 4075 1212 4138; x_wconf 86' lang='grc' dir='ltr'><strong>καὶ</strong></span> <span class='ocrx_word' id='word_1_367' title='bbox 1225 4078 1284 4138; x_wconf 84' lang='grc' dir='ltr'><strong>τοῦ</strong></span> 
     </span>
     <span class='ocr_line' id='line_1_42' title="bbox 109 4158 1286 4248; baseline 0.003 -24"><span class='ocrx_word' id='word_1_368' title='bbox 109 4158 165 4241; x_wconf 82' lang='grc' dir='ltr'><strong>ἐφ’</strong></span> <span class='ocrx_word' id='word_1_369' title='bbox 183 4161 260 4242; x_wconf 85' lang='grc' dir='ltr'>ἡμῖν</span> <span class='ocrx_word' id='word_1_370' title='bbox 280 4164 426 4240; x_wconf 83' lang='lat' dir='ltr'><strong>scriptum</strong></span> <span class='ocrx_word' id='word_1_371' title='bbox 444 4164 555 4227; x_wconf 80' lang='lat' dir='ltr'><strong>Serere</strong></span> <span class='ocrx_word' id='word_1_372' title='bbox 570 4170 602 4227; x_wconf 87' lang='lat' dir='ltr'><strong>et</strong></span> <span class='ocrx_word' id='word_1_373' title='bbox 615 4167 767 4228; x_wconf 90' lang='lat' dir='ltr'><strong>Antonino</strong></span> <span class='ocrx_word' id='word_1_374' title='bbox 783 4168 931 4245; x_wconf 81' lang='lat' dir='ltr'><strong>Augustis</strong></span> <span class='ocrx_word' id='word_1_375' title='bbox 950 4167 1099 4228; x_wconf 86' lang='lat' dir='ltr'><strong>dedicavit</strong></span> <span class='ocrx_word' id='word_1_376' title='bbox 1118 4162 1195 4248; x_wconf 87' lang='lat' dir='ltr'><strong>(cap.</strong></span> <span class='ocrx_word' id='word_1_377' title='bbox 1216 4171 1232 4226; x_wconf 95' lang='lat'>1</span> <span class='ocrx_word' id='word_1_378' title='bbox 1255 4171 1286 4227; x_wconf 92' lang='lat' dir='ltr'><strong>et</strong></span> 
     </span>
    </p>
   </div>
   <div class='ocr_carea' id='block_1_6' title="bbox 112 4299 1286 4516">
    <p class='ocr_par' dir='ltr' id='par_1_9' title="bbox 112 4299 1286 4516">
     <span class='ocr_line' id='line_1_43' title="bbox 179 4299 1286 4373; baseline 0.001 -17"><span class='ocrx_word' id='word_1_379' title='bbox 179 4308 193 4356; x_wconf 89' lang='lat'>1</span> <span class='ocrx_word' id='word_1_380' title='bbox 213 4301 297 4358; x_wconf 89' lang='lat' dir='ltr'><strong>Hunc</strong></span> <span class='ocrx_word' id='word_1_381' title='bbox 316 4299 436 4354; x_wconf 90' lang='lat' dir='ltr'><strong>eundem</strong></span> <span class='ocrx_word' id='word_1_382' title='bbox 454 4317 514 4355; x_wconf 85' lang='lat' dir='ltr'><strong>csse</strong></span> <span class='ocrx_word' id='word_1_383' title='bbox 532 4304 618 4370; x_wconf 89' lang='lat' dir='ltr'><strong>atque</strong></span> <span class='ocrx_word' id='word_1_384' title='bbox 637 4302 829 4372; x_wconf 78' lang='lat' dir='ltr'><strong>Agesarchum</strong></span> <span class='ocrx_word' id='word_1_385' title='bbox 847 4301 1003 4357; x_wconf 86' lang='lat' dir='ltr'><strong>Pausaniae</strong></span> <span class='ocrx_word' id='word_1_386' title='bbox 1022 4301 1072 4370; x_wconf 86' lang='lat' dir='ltr'><strong>(VI</strong></span> <span class='ocrx_word' id='word_1_387' title='bbox 1092 4307 1134 4370; x_wconf 79' lang='lat'><strong>12,</strong></span> <span class='ocrx_word' id='word_1_388' title='bbox 1150 4307 1178 4371; x_wconf 89' lang='lat'><strong>8)</strong></span> <span class='ocrx_word' id='word_1_389' title='bbox 1196 4319 1286 4373; x_wconf 88' lang='lat' dir='ltr'><strong>nuper</strong></span> 
     </span>
     <span class='ocr_line' id='line_1_44' title="bbox 113 4368 1285 4444; baseline 0.003 -20"><span class='ocrx_word' id='word_1_390' title='bbox 113 4369 139 4429; x_wconf 85' lang='lat' dir='ltr'><strong>C.</strong></span> <span class='ocrx_word' id='word_1_391' title='bbox 156 4373 267 4430; x_wconf 85' lang='lat' dir='ltr'><strong>Rchert</strong></span> <span class='ocrx_word' id='word_1_392' title='bbox 287 4370 393 4440; x_wconf 84' lang='lat' dir='ltr'><strong>(Herm.</strong></span> <span class='ocrx_word' id='word_1_393' title='bbox 412 4368 478 4424; x_wconf 85' lang='lat' dir='ltr'><strong>XIX</strong></span> <span class='ocrx_word' id='word_1_394' title='bbox 496 4375 558 4442; x_wconf 81' lang='lat'>306)</span> <span class='ocrx_word' id='word_1_395' title='bbox 579 4373 687 4442; x_wconf 78' lang='lat' dir='ltr'><strong>posuit3</strong></span> <span class='ocrx_word' id='word_1_396' title='bbox 706 4374 801 4428; x_wconf 88' lang='lat' dir='ltr'><strong>tamen</strong></span> <span class='ocrx_word' id='word_1_397' title='bbox 816 4390 831 4428; x_wconf 92' lang='lat' dir='ltr'><strong>e</strong></span> <span class='ocrx_word' id='word_1_398' title='bbox 845 4373 930 4444; x_wconf 80' lang='lat' dir='ltr'><strong>geute</strong></span> <span class='ocrx_word' id='word_1_399' title='bbox 944 4372 1067 4442; x_wconf 81' lang='lat' dir='ltr'><strong>Polyelia</strong></span> <span class='ocrx_word' id='word_1_400' title='bbox 1080 4375 1117 4428; x_wconf 89' lang='lat' dir='ltr'><strong>ab</strong></span> <span class='ocrx_word' id='word_1_401' title='bbox 1131 4389 1164 4428; x_wconf 91' lang='lat' dir='ltr'><strong>eo</strong></span> <span class='ocrx_word' id='word_1_402' title='bbox 1178 4375 1285 4428; x_wconf 89' lang='lat' dir='ltr'><strong>restau-</strong></span> 
     </span>
     <span class='ocr_line' id='line_1_45' title="bbox 112 4440 1285 4516; baseline 0 -18"><span class='ocrx_word' id='word_1_403' title='bbox 112 4446 170 4501; x_wconf 86' lang='lat' dir='ltr'><strong>rata</strong></span> <span class='ocrx_word' id='word_1_404' title='bbox 183 4460 279 4516; x_wconf 89' lang='lat' dir='ltr'><strong>neque</strong></span> <span class='ocrx_word' id='word_1_405' title='bbox 295 4443 406 4498; x_wconf 83' lang='lat' dir='ltr'><strong>statuae</strong></span> <span class='ocrx_word' id='word_1_406' title='bbox 416 4440 570 4512; x_wconf 79' lang='lat' dir='ltr'><strong>Agesarchi</strong></span> <span class='ocrx_word' id='word_1_407' title='bbox 579 4461 670 4513; x_wconf 88' lang='lat' dir='ltr'><strong>neque</strong></span> <span class='ocrx_word' id='word_1_408' title='bbox 684 4444 774 4499; x_wconf 92' lang='lat' dir='ltr'><strong>libelli</strong></span> <span class='ocrx_word' id='word_1_409' title='bbox 788 4444 953 4514; x_wconf 76' lang='lat' dir='ltr'><strong>chrysippei</strong></span> <span class='ocrx_word' id='word_1_410' title='bbox 968 4445 1046 4499; x_wconf 81' lang='lat' dir='ltr'><strong>aetas</strong></span> <span class='ocrx_word' id='word_1_411' title='bbox 1061 4443 1169 4500; x_wconf 88' lang='lat' dir='ltr'><strong>definiri</strong></span> <span class='ocrx_word' id='word_1_412' title='bbox 1183 4446 1285 4515; x_wconf 82' lang='lat' dir='ltr'><strong>petest</strong></span> 
     </span>
    </p>
   </div>
   <div class='ocr_carea' id='block_1_7' title="bbox 1017 4533 1073 4587">
    <p class='ocr_par' dir='ltr' id='par_1_10' title="bbox 1017 4533 1073 4587">
     <span class='ocr_line' id='line_1_46' title="bbox 1017 4533 1073 4587; baseline -0.018 0"><span class='ocrx_word' id='word_1_413' title='bbox 1017 4533 1073 4587; x_wconf 72' lang='lat'><strong>45⁸</strong></span> 
     </span>
    </p>
   </div>
   <div class='ocr_carea' id='block_1_8' title="bbox 0 0 1436 4852">
    <p class='ocr_par' dir='ltr' id='par_1_11' title="bbox 0 0 1436 4852">
     <span class='ocr_line' id='line_1_47' title="bbox 0 0 1436 4852; baseline 0 0"><span class='ocrx_word' id='word_1_414' title='bbox 0 0 1436 4852; x_wconf 95' lang='lat' dir='ltr'><strong> </strong></span> 
     </span>
    </p>
   </div>
  </div>
 </body>
</html>
