2856 4852
661 268 792 324 Alfredus
811 267 931 324 Gerclre:

714 481 824 537 LIBER
841 482 880 537 Ν

299 596 414 658 Gellius
450 601 528 659 noct.
561 600 615 658 att.
649 598 708 656 VII
744 601 770 671 1,
805 601 837 657 1:
874 598 982 674 quibus
1012 616 1070 659 non
1103 598 1226 659 videtur
1256 601 1378 661 mundns

210 688 257 747 dei
281 691 312 747 et
337 687 490 747 hominum
519 706 609 747 causa
636 689 794 747 institutus
822 706 917 763 neque
945 704 993 747 res
1021 688 1170 747 humanae
1197 689 1379 764 providentia

209 777 384 854 gubernari,
403 777 490 854 gravi
509 797 541 836 se
565 780 745 854 argumento
764 776 810 835 uti
832 779 953 852 putant,
973 794 1040 836 eum
1064 776 1108 835 ita
1127 777 1231 837 dicunt
1250 771 1291 838 ‘si
1311 782 1378 839 esset

210 867 409 943 providentia,
427 867 513 925 nulla
531 869 631 926 essent
650 859 754 926 mala':
774 864 849 924 nihil
868 864 947 924 enim
962 865 1059 924 minus
1078 866 1163 924 aiunt
1181 868 1378 942 providentiae

183 968 196 1009 o
210 975 384 1032 congruere,
403 975 492 1032 qnam
511 955 541 1014 in
559 974 594 1016 eo
612 954 732 1033 mundo,
751 973 839 1032 quem
854 957 977 1031 propter
991 955 1125 1014 homines
1141 955 1248 1016 fecisse
1263 957 1379 1036 dicatur,

210 1048 327 1105 tentam
346 1044 407 1105 vim
426 1064 491 1104 esse
511 1063 721 1104 aerumnarum
740 1044 945 1104 etmalorum.
980 1044 1124 1104 adversus
1144 1063 1179 1103 ea
1199 1043 1379 1124 Chrysippus

210 1153 278 1193 cnm
292 1133 328 1192 in
341 1134 438 1195 libro
457 1129 544 1208 περὶ
562 1128 749 1208 προνοίας
767 1134 899 1210 quarto
919 1133 1079 1192 dissereret
1097 1126 1189 1193 ‘nihil
1203 1138 1251 1195 est
1265 1155 1380 1212 prorsus

210 1216 293 1283 istis'
317 1223 415 1300 inquit
440 1216 636 1299 ‘insubidiua
660 1222 712 1300 qui
736 1223 898 1300 opinantur
920 1222 999 1282 bona
1023 1241 1088 1282 esse
1111 1223 1260 1302 potuisse,
1286 1225 1313 1285 si
1330 1245 1380 1285 nou

211 1315 311 1372 essent
334 1312 439 1372 itidem
461 1313 550 1372 mala.
590 1331 660 1372 nam
684 1331 751 1371 cum
774 1312 852 1372 bona
874 1311 961 1371 malis
984 1313 1133 1373 contraria
1157 1311 1230 1387 sint,
1260 1317 1381 1392 utraque

172 1417 196 1455 ro
210 1419 365 1461 necessum
389 1404 437 1461 est
460 1400 597 1477 opposita
618 1401 697 1461 inter
721 1420 786 1461 sese
811 1404 841 1460 et
864 1401 950 1477 quasi
972 1403 1077 1461 mutuo
1102 1401 1227 1462 adverso
1252 1423 1380 1481 quaeque

210 1491 289 1549 fulta
306 1490 375 1550 nisu
403 1490 578 1551 consistere:
605 1491 723 1550 nullum
751 1489 825 1550 adeo
853 1490 1036 1550 contrarium
1070 1493 1117 1550 est
1146 1491 1209 1550 sine
1238 1493 1382 1554 contrario

210 1580 314 1640 altere.
352 1598 410 1655 quo
435 1580 514 1638 enim
533 1581 621 1656 pacto
644 1579 779 1639 institiae
803 1598 908 1638 sensus
929 1597 994 1638 esee
1012 1581 1127 1656 posset,
1146 1579 1206 1640 nisi
1224 1584 1329 1642 essent
1346 1583 1381 1642 in·

210 1667 328 1728 iuriae?
365 1671 419 1728 ant
437 1668 508 1744 quid
527 1668 610 1727 aliud
629 1668 746 1728 iustitia
770 1671 816 1728 est
839 1686 929 1745 quam
948 1668 1113 1727 iniustitiae
1132 1669 1285 1744 privatio?
1320 1671 1382 1748 quid

211 1757 284 1816 item
302 1757 448 1817 fortitudo
467 1756 603 1835 intellegi
621 1752 724 1834 posset
739 1757 796 1816 nisi
812 1776 848 1815 ex
866 1756 1004 1834 ignauiae
1017 1757 1212 1834 appositione,
1231 1759 1304 1835 quid
1325 1780 1383 1821 con-

172 1860 197 1899 15
211 1846 339 1906 tinentia
347 1846 405 1906 nisi
416 1866 452 1906 ex
460 1846 731 1923 intemperantiae?
745 1866 804 1922 quo
814 1847 886 1906 item
895 1847 981 1906 modo
990 1845 1150 1923 prudentia
1158 1851 1237 1907 esset
1245 1849 1305 1909 nisi
1313 1849 1384 1910 foret
1427 1923 1428 1926 Ἴ

211 1935 362 1995 contraria
376 1935 602 2012 imprudentia?
621 1929 773 2012 proinde’,
791 1936 898 2012 inquit,
917 1928 1062 1995 ‘homines
1082 1935 1169 1995 stulti
1184 1955 1236 1996 cur
1254 1957 1316 1999 non
1335 1940 1384 1999 hoc
1427 1965 1428 1968 ¹

212 2024 302 2083 etiam
325 2025 509 2099 desiderant,
528 2027 563 2082 ut
581 2025 694 2085 veritas
714 2025 755 2085 sit
773 2028 804 2084 et
821 2044 881 2083 non
900 2025 940 2084 sit
958 2025 1165 2084 mendacium?
1192 2045 1326 2103 namque
1343 2028 1385 2088 iti·

211 2114 278 2173 dem
294 2118 368 2173 sunt
385 2115 464 2175 bona
487 2116 518 2174 et
536 2113 629 2189 mala,
648 2114 776 2174 felicitas
796 2117 827 2173 et
850 2113 1056 2188 infortunitas,
1082 2115 1166 2175 dolor
1184 2117 1215 2174 et
1233 2118 1384 2194 voluptas:

211 2203 341 2263 alterum
360 2203 439 2263 enim
458 2223 494 2264 ex
512 2203 621 2278 altero,
641 2203 718 2262 sicut
736 2203 823 2262 Plato
840 2204 892 2278 ait,
910 2203 1073 2263 verticibus
1087 2203 1165 2263 inter
1180 2223 1212 2264 se
1231 2207 1384 2266 contrariis

172 2307 198 2346 ao
212 2292 376 2368 deligatum
395 2297 454 2352 est:
474 2292 499 2351 si
517 2291 624 2352 tuleris
644 2312 749 2366 unum,
768 2291 929 2352 abstuleris
948 2286 1129 2368 utrumque?

285 2396 354 2445 1-6
368 2391 498 2446 locuntur
513 2389 668 2445 adversmfi
682 2389 866 2460 (Epicurei?);
887 2391 921 2445 dc
940 2406 970 2444 re
989 2389 1025 2444 cf.
1040 2388 1131 2444 Zellcr
1144 2389 1185 2443 III
1200 2391 1230 2444 1³
1243 2410 1272 2462 p.
1287 2399 1342 2450 398
1351 2413 1386 2463 sq.

213 2464 241 2515 et
260 2466 321 2530 506,
341 2467 369 2528 1,
389 2462 424 2517 de
442 2460 591 2532 Chrysippi
609 2461 738 2516 doctrina
750 2461 818 2516 ibid.
833 2479 859 2530 p.
878 2467 927 2516 172
1001 2467 1017 2515 6
1033 2461 1221 2533 Οάκροίρραοι
1239 2465 1317 2519 utin
1336 2465 1387 2521 l.lI

212 2535 275 2601 περὶ
294 2534 403 2601 φύςεως
421 2532 507 2604 (Plut.
528 2534 563 2587 de
583 2549 653 2587 com.
668 2535 726 2588 not.
741 2549 801 2602 cap.
819 2538 933 2600 16-16,
952 2533 988 2588 de
1003 2531 1088 2589 Stoic.
1104 2551 1161 2602 rep.
1182 2536 1237 2603 35).
1314 2543 1331 2591 9
1348 2538 1387 2592 iti-

212 2606 272 2658 dem
295 2605 372 2659 Lact.
399 2598 465 2674 epit.
489 2603 555 2658 inst.
581 2602 637 2658 div.
657 2621 680 2658 c.
700 2610 748 2659 29:
767 2605 868 2659 ibidem
958 2609 991 2658 16
1015 2607 1157 2660 contrariu
1178 2605 1273 2661 Laut:
1296 2614 1388 2664 contra

215 2680 247 2729 18
262 2677 459 2742 infortunitas:
478 2677 675 2744 importunitas
689 2675 766 2731 lact.
841 2681 873 2730 19
892 2674 974 2731 Plato
987 2676 1091 2731 Phaed.
1111 2694 1138 2745 p.
1154 2677 1220 2731 θθΒ
1293 2685 1331 2735 20
1347 2681 1387 2737 de-

216 2749 328 2802 lc'catum
346 2748 407 2803 cod.
427 2748 491 2802 mel.
514 2745 607 2803 Gellii.
645 2749 755 2803 tuleris:
774 2748 834 2802 abs·
853 2746 899 2801 vel
917 2748 1074 2803 sac-tuleris
1092 2747 1169 2802 Diels

302 2897 381 2956 P-lut.
401 2897 438 2956 de
456 2916 560 2957 comm
580 2901 641 2957 not.
660 2916 684 2957 c.
705 2900 746 2957 16
765 2916 794 2972 p.
815 2899 900 2956 1066
912 2896 952 2956 D:
972 2893 1074 2957 πολὺς
1093 2892 1150 2970 μὲν
1172 2892 1190 2957 ὁ
1214 2890 1425 2976 ψελλιςμὸςλῖ

213 2981 321 3046 αὐτῶν
351 2980 432 3066 (τῶν
460 2977 637 3069 (τωικῶν),
670 2983 762 3047 τέλος
791 2982 826 3044 δὲ
854 2982 913 3059 τὴν
944 2982 1001 3060 μὲν
1030 2980 1185 3061 φρόνηςιν
1219 2983 1391 3067 ἑπιςτήμην

173 3076 182 3093 ’
213 3070 345 3146 ἀγαθῶν
364 3072 415 3136 καὶ
434 3074 541 3135 κακῶν
560 3070 658 3136 οὖςαν
677 3069 766 3152 <τῶν
788 3073 893 3134 κακῶν
912 3068 1169 3153 ἀναιρεθέντων>
1189 3073 1392 3142 παντάπαςιν

214 3159 407 3238 ἀναιρεῖςθαι
424 3162 584 3236 λέγοοςιν·
603 3159 698 3224 ὡςδὲ
713 3156 842 3238 ἀληθῶν
861 3156 967 3223 ὄντων
987 3157 1149 3225 ἀδύνατον
1163 3163 1203 3239 μὴ
1218 3162 1270 3225 καὶ
1287 3170 1391 3246 ψευδῆ

187 3267 284 3313 ιτινα
308 3247 390 3314 εἶναι
409 3248 645 3329 παραπληςίῶς,
664 3248 750 3313 οὕτω
770 3249 938 3328 προςήκειν
957 3246 1088 3326 ἀγαθῶν
1107 3249 1325 3329 ὑπαρχόντων
1344 3257 1393 3320 καὶ

214 3338 294 3402 κακὰ
317 3338 481 3418 ὑπάρχειν,

285 3448 301 3496 3
315 3448 374 3497 τῶν
389 3448 482 3497 κακῶν
493 3441 697 3510 ἀναιρεθέντων
711 3455 741 3496 κ·
757 3443 801 3495 καλ
811 3440 906 3510 volgo,
920 3446 1012 3495 κακῶν
1023 3444 1059 3508 μή
1073 3444 1165 3497 ὄντων
1176 3443 1393 3510 (ἀναιρεθέντων

213 3511 355 3584 Duebner)
370 3516 442 3568 ὅλως
455 3516 500 3567 καὶ
514 3512 704 3582 Wyttenbech
756 3515 837 3579 4μή·
853 3515 890 3579 μή
905 3514 938 3566 οὐ
953 3512 1072 3568 Rasmns
1122 3515 1229 3568 οοθτω
1243 3519 1394 3586 προςήκειν

213 3583 275 3642 Vs·
295 3585 357 3641 οἷον
374 3586 504 3653 προςήκει
524 3583 667 3653 Duebner,
686 3584 793 3638 οἴονται
810 3585 957 3652 προςήκειν
975 3583 1102 3654 Madvig,
1122 3587 1198 3640 utrm
1216 3589 1351 3656 προςήκει

304 3735 380 3796 Gell.
411 3736 488 3794 noct
521 3735 576 3795 att
608 3732 667 3793 VII
703 3737 731 3808 1,
767 3737 800 3795 ἵε
846 3734 925 3793 idem
963 3733 1149 3812 Chrysippus
1189 3734 1226 3794 in
1268 3740 1395 3801 eodem
1424 3740 1428 3787 ῑ

213 3825 308 3884 libro
333 3825 445 3884 tractat
468 3823 695 3899 consideratque
719 3823 902 3902 dignumque
926 3842 991 3884 esse
1014 3825 1046 3883 id
1070 3825 1173 3900 quaeri
1191 3828 1294 3904 putat,
1315 3824 1343 3888 εἰ
1363 3827 1396 3889 αἱ

214 3912 280 3973 τῶν
308 3906 490 3986 ἀνθρώπων
518 3905 606 3972 νόςοι
630 3909 710 3972 κατὰ
733 3908 829 3988 ecco
851 3908 1008 3989 γίνονται,
1032 3913 1063 3971 id
1086 3916 1132 3972 est
1154 3916 1303 3975 naturane
1327 3919 1396 3994 ipsa

214 4022 315 4062 rerum
334 4002 383 4061 vel
401 4001 597 4077 providentia,
616 4021 693 4078 quae
712 4021 886 4080 compagem
909 4002 985 4062 hanc
1008 4003 1111 4062 mundi
1130 4006 1161 4062 et
1183 4023 1278 4080 genus
1298 4006 1392 4067 homi-

190 4104 288 4150 snum
306 4089 391 4163 fecit,
415 4091 534 4150 morbos
553 4111 670 4168 quoque
689 4096 721 4152 ct
746 4091 919 4152 debilitates
942 4093 974 4150 et
996 4091 1200 4169 aegritudines
1224 4111 1393 4172 corporum,

214 4197 289 4256 quas
312 4179 470 4255 patiuntur
497 4179 646 4258 homines,
673 4181 785 4241 fecerit.
828 4181 980 4241 existimat
1002 4184 1104 4240 autem
1127 4201 1187 4241 non
1213 4183 1308 4243 fuisse
1336 4187 1394 4246 hoc

216 4268 378 4345 principale
401 4273 527 4330 naturae
551 4271 721 4345 consilium,
743 4270 918 4353 „uttaceret
939 4270 1074 4330 homines
1098 4271 1209 4331 morbis
1234 4272 1390 4334 obnoxios:

216 4377 378 4434 numquam
403 4361 481 4419 enim
504 4362 559 4419 hoc
584 4360 756 4429 convenisse
779 4362 905 4419 naturae
927 4361 1044 4420 auctori
1066 4360 1241 4436 parentique
1260 4364 1391 4422 omnium

222 4468 322 4509 rerum
346 4449 499 4510 bonarum.
546 4442 615 4509 ‘sed
639 4468 705 4509 cum
728 4441 840 4508 multa'
863 4449 962 4525 inquit
985 4442 1091 4525 ‘atque
1118 4468 1229 4526 magna
1254 4452 1390 4528 gigneret
