2856 4852
609 276 761 335 INDICES.
1209 280 1274 345 705

138 440 258 507 θρώπων
277 440 349 507 πρό(
366 440 402 493 τά
421 441 490 494 ἀλλα
509 443 567 510 ζῷα
586 458 662 508 φυει-

139 514 189 577 κήν
206 511 368 566 πλεονεξίαν
389 516 440 564 129
459 511 477 564 l.
493 518 526 566 77

108 580 298 646 διεξάγεται
311 584 327 635 ό
342 583 448 650 κόεμοε,
463 584 499 636 τὰ
512 585 662 649 γιγνόμενα

141 659 179 707 41.
204 656 222 720 ἡ
238 654 312 707 κατά
325 658 378 720 τήν
393 655 560 721 εἱμαρμένην
574 657 661 709 διανέ-

142 741 213 790 μηειε
232 728 276 778 καὶ
296 725 332 778 τὰ
350 726 512 791 γεννώμενα
530 731 564 779 49

113 793 293 862 διεξαγωγὴ
312 797 472 863 πρόεφοροε
490 802 524 850 50

115 863 268 935 διέξοδοε,
289 866 336 932 μία
354 872 413 921 τῶν
432 869 546 922 πάντων
564 885 662 933 τεταγ·

144 940 203 1004 μένη
222 955 264 992 τι(
283 943 317 992 46

118 1007 239 1076 διήκειν.
264 1011 362 1064 όθεόε
382 1012 405 1064 δ.
425 1011 470 1064 διὰ
488 1016 539 1063 τού
560 1011 661 1076 κόεμου

143 1083 182 1134 καί
199 1082 244 1134 διά
263 1085 314 1147 τῆ(
336 1084 417 1149 ύληε,
443 1082 488 1135 διά
511 1083 661 1149 πάντωνή

143 1153 254 1219 πρόνοια
278 1153 366 1205 αὐτού
391 1158 415 1206 8.
453 1152 491 1206 εί(
514 1155 587 1206 ἅπαν
610 1159 661 1206 τού

144 1225 236 1289 κόεμου
262 1225 344 1290 μέροε
368 1226 392 1277 δ.
411 1225 427 1277 ό
445 1228 512 1278 νοο(
538 1225 662 1292 καθάπερ

144 1295 188 1362 ἐφ’
206 1298 286 1361 ἡμῶν
305 1297 323 1361 ἡ
342 1296 418 1375 sust
440 1301 479 1376 17,
529 1365 559 1377 ,,
642 1367 647 1378 ,

114 1363 307 1432 δικαιοεύνη.
322 1367 431 1420 iust1t1e
440 1367 595 1421 iniustitiae
606 1385 661 1436 pn·

146 1437 216 1492 vetio
235 1442 269 1490 26

107 1505 197 1576 δίκην
217 1508 280 1562 adv.
300 1510 421 1562 άλύεεω(
440 1514 482 1563 57.
503 1514 536 1562 63

105 1575 192 1647 δίνη,
210 1579 303 1646 turbo,
324 1585 383 1632 147.
404 1579 561 1649 ο1.(φοορα

102 1646 253 1705 διοικεῖν.
280 1651 414 1720 εἰρομένῳ
433 1652 508 1720 λόγῳ
527 1653 619 1705 πάντα
638 1655 662 1706 δ.

146 1723 240 1776 όΖεύ(
258 1727 302 1776 48.
331 1723 402 1775 κατὰ
420 1724 504 1787 λόγον
523 1725 663 1777 διοικεῖται

142 1794 171 1846 τό
188 1798 244 1847 πάν
264 1798 306 1846 72.
342 1792 447 1862 optime
467 1794 663 1863 dispensantur

142 1880 180 1918 res
193 1862 293 1917 mnndi
309 1869 351 1919 11.
378 1866 470 1918 πάντα
485 1867 508 1919 δ.
525 1866 595 1918 κατά
609 1869 662 1932 τὴν

142 1941 195 1989 τῶν
214 1937 289 1988 ὅλων
308 1936 389 2002 φύειν
409 1941 451 1989 37.
485 1938 501 1989 ό
520 1937 619 2002 κόεμο(
638 1939 662 1990 δ.

142 2008 207 2060 κατὰ
220 2012 290 2060 νοῦν
306 2009 350 2060 καί
364 2007 499 2074 πρόνοιαν
511 2012 551 2060 17.
578 2010 664 2074 νόμοε

141 2083 194 2132 τῶν
217 2079 248 2131 έν
271 2084 313 2147 τῷ
337 2079 428 2147 κόεμῳ
453 2077 571 2148 προνοίᾳ
599 2082 663 2133 διοι-

142 2149 282 2214 κουμένων
305 2154 348 2202 49.
386 2151 401 2202 ό
427 2150 528 2215 κόεμο(
555 2153 579 2204 δ.
608 2152 663 2204 ύπό

142 2221 246 2287 φύεεω(
260 2222 377 2287 ζωτικῆε
391 2237 422 2274 τε
437 2224 481 2274 καὶ
495 2224 606 2288 λογικῆ(
618 2225 662 2275 καί

142 2297 235 2359 νοερᾶε
254 2297 288 2346 72

105 2360 276 2429 διοίκηειε.
310 2365 328 2429 ἡ
352 2365 518 2430 πεπρωμένη
545 2380 662 2431 πεπερα-

144 2436 219 2501 εμένη
239 2433 281 2488 τί(
299 2435 354 2488 έετι
373 2437 417 2487 καί
437 2437 662 2503 εοντετελεεμένη

145 2506 164 2558 δ.
181 2511 223 2560 46.
254 2508 272 2572 ἡ
291 2510 343 2559 τού
362 2507 466 2559 παντὸε
484 2506 609 2575 (κόεμου)
629 2509 662 2574 δ,

145 2578 236 2641 ἡτῶν
261 2577 336 2630 ὅλων
361 2579 397 2644 δ.,
426 2577 663 2644 ἀπαρεμπδδιετο(

146 2649 181 2700 51.
200 2653 241 2701 72.
264 2653 322 2701 116.
344 2654 403 2702 141.
440 2653 498 2702 τῶν
522 2651 614 2702 όντων
638 2651 661 2702 δ.

146 2717 224 2772 ἀίδιοε
242 2721 310 2772 καθ’
328 2719 422 2786 είρμόν
440 2736 504 2773 τινα
522 2723 566 2773 καί
585 2722 662 2774 τάξιν

147 2791 239 2855 πρόειει
255 2795 296 2843 72.
321 2790 424 2844 certior
442 2789 594 2859 utiliorque
609 2790 661 2844 dis·

148 2859 266 2925 pensatio
287 2866 319 2914 11

122 2928 220 2986 δίπου(
240 2937 291 2986 120
310 2931 329 2985 l.
343 2937 378 2986 30

124 2999 185 3056 δόξα
202 3008 251 3057 137

124 3069 242 3139 δύναμι(
251 3079 310 3127 141.
322 3075 445 3128 άπαντο(
453 3076 476 3127 δ.
485 3080 526 3142 τῷ
534 3075 663 3145 θεῷ’ἀνά-

128 3182 131 3189 .
149 3160 223 3199 κειται
233 3164 260 3214 ρ.
272 3151 332 3200 699.
353 3149 389 3212 μὴ
404 3148 459 3212 ἔχει
470 3146 615 3215 (δύναμιν3
628 3187 634 3198 .
645 3150 662 3214 .)
675 3177 683 3182 -

149 3215 236 3271 όθεδε
254 3236 281 3286 ρ.
302 3222 353 3271 699

125 3281 272 3342 δύναεθαι.
289 3290 322 3341 ού
332 3289 424 3341 πάντα
437 3291 460 3342 δ.
471 3289 487 3340 ό
498 3289 593 3356 θεόερ.
603 3294 662 3341 699.

151 3360 181 3424 μὴ
204 3362 227 3413 δ.
252 3361 268 3412 ό
296 3360 360 3413 θεόε
388 3359 490 3413 εἰδέναι
513 3359 546 3428 (3)
571 3361 664 3413 πάντα

126 3493 257 3556 όυνατόε.
277 3504 302 3555 δ.
317 3503 389 3555 έ(τιν
404 3502 419 3554 δ
434 3503 499 3555 οὔτ’
513 3503 584 3555 έετιν
599 3503 663 3569 ἀλη-

150 3571 187 3625 sec
204 3574 268 3627 οὐτ’
287 3573 361 3627 ἔεται
377 3578 418 3627 79.
434 3577 477 3626 80,
503 3573 567 3627 odd.
588 3576 611 3626 δ.
630 3576 663 3627 τό

150 3639 309 3698 ἐπιδεκτικόν
328 3650 379 3698 τοο
399 3646 499 3711 ἀληθέε
517 3647 587 3698 εἰναι
605 3651 664 3698 τῶν

150 3711 218 3769 ὲντδε
236 3719 273 3782 μὴ
290 3716 616 3780 ἐναντιουμένωνΙιαοκό.
632 3717 663 3770 D.

150 3780 193 3838 711
207 3792 248 3840 75.
273 3789 296 3840 δ.
312 3790 357 3840 καί
376 3788 558 3852 ἐνδεχόμενον
572 3794 615 3842 83.
640 3790 662 3841 δ.

150 3860 225 3911 cono.
240 3859 393 3923 ἀναγκούον
403 3863 446 3912 81.
474 3861 585 3927 δυνατῷ
601 3860 664 3912 ἀδύ-

149 3941 225 3983 νατον
243 3930 390 3984 ἀκολουθεῖ
410 3934 452 3982 79.
482 3934 538 3983 πᾶν
556 3931 590 3982 τὸ
610 3931 665 3983 έπι-

150 3996 265 4054 δεκτικόν
293 4005 345 4053 τού
374 4001 514 4068 γενέεθαι,
548 4003 598 4053 κᾶν
627 4005 662 4068 μή

150 4069 222 4140 μέλλῃ
241 4073 408 4139 γενὴεεεθαι,
428 4074 452 4125 δ.
472 4073 543 4126 έετιν
562 4076 604 4126 80.
636 4078 665 4126 et

149 4154 211 4205 quse
228 4160 285 4197 non
305 4141 364 4196 sint
381 4144 476 4196 l'ntnra
498 4159 580 4211 posse
604 4144 665 4198 fieri

150 4213 183 4266 82.
202 4217 224 4268 δ.
240 4217 296 4270 έετι
309 4216 442 4282 γενέεθαι,
458 4215 473 4267 δ
489 4217 540 4289 ὑπ’
550 4216 664 4269 οὐδενόε

149 4286 273 4340 κωλύεται
296 4287 434 4353 γενέεθαι,
458 4288 509 4338 κόν
529 4289 564 4352 μή
584 4287 664 4353 γένη·

149 4368 186 4408 ται
204 4362 245 4412 83.
271 4358 308 4412 τὰ
327 4356 500 4422 ἀντικείμενα
518 4356 608 4425 καίτοι
627 4361 662 4424 μή

149 4429 270 4494 γινόμενα
299 4429 375 4494 όμω(
402 4430 457 4482 ἐετί
481 4430 504 4482 δ.
529 4435 571 4483 83.
609 4431 664 4483 έετι

752 443 821 508 (τοῑε
839 444 905 496 καθ’
923 441 1090 509 εἱμαρμένην
1108 441 1275 512 γινομένοι()

752 515 775 566 δ.
802 514 926 578 γενέεθαι
954 516 998 566 καί
1026 515 1060 566 τό
1088 513 1275 580 ἀντικείμενον

752 586 873 638 δυνατόν
894 589 952 638 114.
988 586 1131 653 [δύναεθαί
1149 603 1212 639 τινα
1231 589 1276 639 καλ

751 661 809 709 τῶν
827 656 999 721 γιγνομένων
1019 659 1055 722 μὴ
1074 656 1212 720 γίγνεεθαι
1231 660 1276 711 καί

751 732 809 781 τῶν
829 729 865 792 μὴ
884 728 1056 792 γιγνομένων
1075 727 1213 792 γίγνεεθαι
1227 730 1274 798 83]

729 799 784 850 .το
808 803 939 851 τοιοῦτον
962 799 1012 865 ἐφ’
1030 801 1108 866 ἡμῖν,
1132 799 1148 852 ό
1173 801 1196 852 δ.
1221 801 1276 867 ὑφ’

751 871 831 935 ἡμῶν
863 870 987 933 γενέεθαι
1015 887 1046 923 τε
1077 871 1121 923 καί
1149 871 1185 936 μή
1216 875 1274 924 101.

751 941 843 994 πάντα
860 947 919 994 τοῖε
937 944 1010 994 θεοῖ(
1029 942 1052 993 δ.
1073 946 1115 994 03.
1134 958 1161 1008 p.
1182 945 1234 995 699

717 1013 889 1078 δυεχερήε,
911 1013 945 1064 τὸ
964 1013 1093 1077 έεόμενον
1114 1017 1163 1065 123

717 1084 885 1149 ἐγκρατή(
906 1087 955 1135 118

717 1154 800 1208 έθοι.
834 1154 902 1220 μετά
925 1157 978 1219 τήν
1001 1155 1082 1220 φύειν
1105 1154 1141 1207 τά
1162 1156 1211 1222 ἔθη
1232 1173 1277 1221 με·

751 1225 840 1291 γάλην
859 1225 934 1290 λεχὺν
953 1225 1008 1290 ἔχει
1028 1229 1086 1278 111.
1118 1227 1149 1279 ἐκ
1167 1227 1277 1292 φύεεωε

752 1297 797 1349 καὶ
821 1298 893 1349 ἐθῶν
912 1298 929 1362 ἡ
948 1295 1103 1362 προαίρεει(
1120 1298 1186 1349 ποιά
1204 1297 1275 1361 γίνε-

751 1384 797 1420 ται
818 1372 876 1419 111.
913 1368 949 1420 τά
966 1371 1025 1420 τῶν
1044 1369 1202 1434 ἀνθρώπων
1220 1371 1275 1436 ἤθη

752 1439 814 1492 τοιά
832 1442 850 1504 ἢ
869 1438 932 1491 τοιὰ
951 1439 996 1491 διὰ
1009 1443 1068 1492 τῶν
1083 1440 1276 1506 διαφερόντων

753 1511 774 1563 έ.
799 1508 904 1573 γίνεται
925 1513 974 1562 129
993 1507 1069 1564 κιο.
1106 1511 1124 1577 ἡ
1151 1512 1196 1564 διὰ
1218 1517 1276 1565 τῶν

753 1581 902 1646 βελτιόνων
931 1582 952 1635 έ.
978 1581 1049 1634 κατὰ
1075 1583 1143 1635 τού(
1173 1583 1277 1648 νόμου(

752 1653 850 1718 ἀγωγή
865 1650 883 1704 l.
900 1656 942 1704 72.
968 1657 1027 1704 τῶν
1042 1654 1120 1718 φύεει
1139 1655 1276 1720 ὑπαρχόν·

751 1740 810 1777 των
838 1723 920 1776 οὐδέν
944 1724 998 1775 ύπό
1021 1741 1096 1777 τινα(
1119 1725 1140 1777 έ.
1165 1725 1277 1781 ἀλλοῖον

751 1794 856 1858 γίνεται
874 1791 893 1847 l.
910 1799 942 1847 73

717 1864 823 1920 ἐθίζω.
844 1866 895 1918 οὐκ
914 1866 1052 1932 έθιεθῆναι
1065 1867 1099 1919 τό
1115 1867 1199 1934 βάρο(
1212 1863 1283 1933 ἔχον

753 1939 811 1990 ἄνω
832 1936 962 2003 φέρεεθαι
983 1936 1065 1990 1201.
1083 1942 1116 1991 74

717 2009 843 2062 εἰδέναι
863 2009 896 2075 (3)
921 2010 956 2073 μή
984 2009 1114 2062 δύναεθαι
1137 2010 1188 2062 τόν
1212 2011 1277 2063 θεὸν

752 2080 843 2133 πάντα
862 2096 889 2146 p.
908 2084 960 2131 427

717 2151 827 2205 εἴκειν.
857 2151 946 2216 ὁρμᾶν
965 2151 1128 2216 φανταείαιε
1153 2152 1278 2206 εἴξαντα(

753 2224 797 2275 καί
816 2223 1069 2286 (υγκαταθεμένουε
1089 2228 1139 2277 149

717 2294 831 2360 εἰκών,
851 2295 950 2358 statua,
972 2298 1022 2345 143

717 2364 907 2431 εἱμαρμένη.
935 2364 1026 2417 πάντα
1046 2367 1111 2418 καθ’
1132 2382 1153 2419 ε.
1172 2365 1278 2429 γίνεται

752 2440 795 2490 35.
815 2441 857 2489 37.
877 2439 919 2487 41.
940 2439 982 2488 42.
999 2441 1041 2489 51.
1057 2440 1099 2490 81.
1116 2441 1158 2490 83.
1174 2441 1216 2490 86.
1233 2441 1275 2491 87.

752 2512 795 2560 94.
817 2512 875 2559 103.
896 2510 955 2560 109.
977 2511 1036 2559 110.
1057 2512 1115 2560 144.
1137 2512 1195 2561 146.
1218 2512 1276 2562 147.

752 2577 812 2631 fato
829 2577 931 2631 omnis
955 2576 1026 2630 fiunt
1046 2583 1086 2631 77.
1109 2584 1150 2633 78.
1170 2584 1212 2632 81.
1233 2584 1276 2632 94.

752 2647 883 2701 definitur
901 2653 943 2701 33.
963 2652 1087 2702 41-44,
1106 2655 1149 2702 49.
1179 2650 1213 2703 of.
1233 2655 1276 2704 30.

752 2725 795 2773 38.
815 2725 857 2773 46.
877 2724 919 2772 47.
945 2723 1003 2773 108.
1037 2718 1210 2788 etymologia
1234 2726 1276 2774 40.

752 2808 815 2844 eam
834 2788 965 2844 exsistere
985 2788 1148 2859 syllogismo
1166 2792 1277 2844 conclu-

751 2859 828 2914 ditur
842 2867 884 2915 52.
900 2866 942 2915 55.
969 2878 991 2914 ε.
1007 2887 1040 2907 =
1055 2864 1123 2916 Διόε
1137 2864 1220 2928 λόγοε
1233 2868 1276 2931 38,

752 2933 820 2987 Διό(
832 2934 917 3000 βουλή
929 2938 971 2999 37,
991 2931 1098 3001 Iupiter
1108 2940 1149 2987 39.
1169 2938 1276 3002 ἡκοινὴ

753 3005 832 3072 φύει(
845 3022 866 3058 ε.
882 3006 926 3057 καί
944 3003 1062 3070 πρόνοια
1076 3007 1121 3058 καί
1135 3007 1205 3059 Ζεύ(
1223 3007 1277 3059 έετι

753 3082 794 3130 37.
811 3077 951 3129 Ζεύε-εε.
961 3076 1277 3144 τ-Ἀδράετειαεπρδ-

752 3151 867 3199 νοια48.
893 3147 1011 3213 πρόνοια
1026 3171 1059 3192 =
1073 3148 1144 3202 Ζεύ(
1154 3173 1188 3192 =
1198 3151 1276 3215 κοινὴ

752 3219 867 3272 πάντων
886 3219 966 3284 φύει(
976 3242 1009 3261 =
1024 3235 1046 3271 ε.
1061 3243 1095 3263 =
1110 3219 1216 3286 ἀνάγκη
1235 3224 1275 3274 10.

753 3288 848 3342 letalis
866 3289 975 3356 umbra,
994 3289 1145 3343 necessitas
1165 3292 1217 3344 eto.
1235 3297 1276 3345 10.

752 3363 811 3427 ηε.
831 3362 902 3426 αύτή
928 3363 972 3412 καί
995 3363 1013 3426 ἡ
1037 3362 1117 3427 φύει(
1135 3363 1180 3415 καί
1199 3364 1215 3414 ό
1233 3361 1277 3415 λό-

752 3448 802 3495 γοε
821 3432 884 3485 θεόε
902 3433 957 3485 έετι
977 3437 1017 3485 72.
1044 3434 1140 3486 alove
1160 3433 1275 3487 conexio

753 3503 857 3572 pendet
871 3502 991 3557 fetorum
1002 3507 1045 3555 39.
1070 3505 1139 3557 κατὰ
1153 3505 1234 3571 φύειν
1243 3530 1277 3549 =

754 3575 815 3627 καθ’
834 3590 855 3627 ε.
876 3578 918 3627 52.
939 3578 980 3627 54.
1018 3591 1039 3627 ε.
1060 3576 1276 3640 =vonoc108

753 3644 931 3714 providentie
955 3671 989 3689 =
1016 3645 1144 3699 voluntas
1173 3646 1218 3701 dei
1244 3672 1277 3691 =

754 3713 840 3769 series
855 3731 1001 3768 causarum
1013 3742 1046 3760 =
1057 3716 1146 3770 fatum
1158 3723 1199 3783 50.
1220 3734 1276 3770 oer-

754 3791 799 3841 tus
819 3786 886 3841 ordo
909 3786 975 3852 feti,
999 3787 1205 3842 imminentium
1226 3794 1277 3842 120

754 3858 772 3912 l.
784 3864 825 3912 26.
843 3863 901 3911 131.
926 3858 1062 3911 naturalis
1077 3862 1107 3912 et
1120 3859 1278 3913 necessaria

753 3947 845 3983 rerum
856 3929 1055 3996 consequentia
1065 3936 1106 3984 30.
1127 3931 1233 3998 ἀνάγκη
1243 3957 1276 3976 --

755 4018 775 4054 ε.
793 4007 833 4053 10.
850 4006 893 4053 49.
913 4004 949 4067 μὴ
965 4002 1106 4068 διαφέρειν
1120 4008 1172 4055 τού
1187 4003 1277 4069 εἱμαρ-

755 4074 839 4138 μένου
875 4074 909 4125 τό
946 4075 1205 4139 κατηναγκα(μένον
1233 4079 1275 4126 44.

755 4144 861 4209 ἀνάγκη
877 4146 920 4196 καί
935 4160 956 4197 ε.
972 4149 1013 4197 34.
1029 4148 1071 4197 47.
1083 4150 1125 4198 91.
1152 4161 1173 4198 ε.
1188 4147 1277 4198 contr.

754 4215 860 4281 ἀνάγκη
873 4216 1002 4282 βιαετική,
1017 4215 1092 4283 quod
1104 4218 1139 4269 ot'.
1151 4217 1205 4283 (τό)
1216 4217 1278 4270 καθ’

754 4302 775 4339 ε.
791 4291 833 4338 38.
849 4291 890 4340 84.
906 4291 948 4340 80.
964 4290 997 4339 83
1013 4327 1019 4339 .
1035 4327 1063 4339 ..
1084 4288 1169 4355 [παρὰ
1188 4304 1209 4340 ε.
1227 4292 1277 4340 108

753 4354 841 4426 falso]
860 4374 881 4410 ε.
898 4359 949 4410 ούκ
964 4359 1116 4423 αύτοτελήε
1130 4359 1198 4412 ἀλλὰ
1211 4376 1278 4425 προ-

753 4432 921 4495 καταρκτικὴ
950 4427 1024 4483 αἰτία
1048 4434 1107 4482 145.
1134 4435 1191 4486 144.
1217 4435 1276 4485 143.
