2856 4852
628 270 781 328 fflDICES.
1228 271 1292 338 773

154 435 224 488 nate
249 435 333 501 atque
357 432 398 486 ita
421 434 517 488 locate
543 434 621 502 sunt,
650 435 681 486 ut
771 436 860 502 ὁρμὴν
884 433 985 501 κένηςις
1003 442 1063 490 τοῖς
1081 438 1162 506 ζῴοις
1181 454 1208 501 μ.
1225 437 1292 490 πάν-

155 504 226 559 nihil
250 521 346 558 eorum
370 521 610 574 supervacaneum
635 504 680 573 sit,
770 522 828 559 των
854 507 1010 572 γινομένων
1037 508 1104 561 καθ’
1126 507 1293 576 εἱμαρμένην

155 575 228 630 nihil
251 576 286 629 ed
309 575 398 630 vitam
421 575 601 635 detinendam
625 592 680 630 non
772 581 830 630 103.
857 578 986 631 manente
1005 576 1064 632 feto
1084 576 1192 644 aliquid
1207 581 1250 633 est
1263 577 1292 631 in

153 647 343 701 necessarium
367 646 422 704 Cio.
448 647 476 702 d.
500 648 526 704 d.
546 667 573 705 n.
592 646 679 716 1147,
770 645 891 701 hominis
911 647 1028 702 arbitrio
1048 654 1099 702 120
1118 647 1136 701 l.
1152 653 1195 716 24,
1214 649 1293 704 selva

155 723 215 786 122,
236 717 271 774 ef.
289 720 419 786 περιττός
770 717 798 772 vi
816 735 849 773 ιιο
868 720 1007 788 potestate
1027 718 1148 773 fetorum
1167 719 1185 773 1.
1202 726 1218 774 6

118 791 282 857 μάχεςθαι
303 795 352 843 117
734 789 889 857 μερίζειν.
910 790 1179 860 [κατα1]μεμερίςθαι
1197 795 1231 845 46

117 863 205 928 μάχη
229 861 275 915 vel
301 862 378 925 ἀγών
399 867 458 915 116.
496 860 555 915 sine
580 861 676 915 edver-
735 862 945 928 μεριςμός46
1210 926 1214 931 Δ

153 932 228 986 serio
250 932 330 986 nulle
352 932 471 986 luctatio
490 934 534 987 est
553 938 611 986 117.
645 935 678 986 οὐ
734 934 839 1000 μέρος.
878 939 937 986 τοῖς
963 951 988 998 μ.
1013 933 1220 1001 παρεκτείνεται
1247 936 1293 987 καὶ

151 1006 268 1071 περιττὴ
283 1006 301 1070 ἡ
317 1021 343 1070 μ.
358 1009 409 1058 τοθ
424 1007 552 1070 λογιςμοθ
567 1006 612 1058 καὶ
628 1008 679 1071 τῆς
768 1005 937 1058 ςυςτέλλεται
956 1006 971 1058 δ
990 1005 1089 1070 κόςμος
1107 1010 1132 1059 6.
1158 1006 1291 1072 ἐπιπλοκὴ

152 1074 299 1141 ἐπιθυμίας
320 1079 369 1128 118
768 1081 826 1128 τῶν
846 1093 872 1141 μ.
893 1078 928 1143 (1)
948 1077 1139 1143 ςυνηρτημένη
1159 1080 1194 1130 46

115 1145 294 1212 μεθυςθεές
313 1151 347 1199 94
366 1145 403 1199 ed
421 1146 439 1198 1.
460 1151 494 1200 22
734 1147 815 1210 μετὰ
829 1162 892 1200 eum
904 1163 967 1213 gen.
979 1145 1013 1201 ef.
1029 1147 1213 1215 ςυνεέμαρται.
1228 1163 1291 1202 eum

114 1217 220 1284 μείρω
239 1223 274 1270 40
768 1232 826 1271 aee.
847 1217 881 1270 ef.
904 1219 1034 1285 δεύτερος

114 1290 258 1354 μέλλειν.
283 1293 349 1342 θεοῦ
363 1290 518 1355 χρήςαντος
536 1290 624 1355 μέλλει
642 1289 679 1342 τά
733 1288 968 1356 μεταβάλλειν,
987 1290 1125 1356 μεταβολή
1140 1288 1178 1343 εἰς
1190 1295 1247 1357 πορ
1258 1294 1291 1342 16

152 1362 224 1413 κατὰ
241 1362 295 1426 τὴν
312 1361 488 1426 περιπέτειαν
505 1359 625 1425 γίνεςθαι
644 1365 678 1413 94
733 1360 774 1426 μή
789 1377 819 1412 τι
842 1360 887 1412 vel
906 1362 975 1427 μηδέ
995 1362 1044 1426 μέν
1068 1403 1074 1413 .
1094 1402 1101 1415 .
1126 1364 1162 1428 μὴ
1186 1362 1217 1415 δέ
1241 1366 1290 1414 101

152 1430 171 1483 1.
197 1436 237 1483 14.
278 1432 419 1498 μέλλων,
451 1432 615 1500 plerumque
643 1431 678 1484 τά
769 1428 803 1482 ef.
823 1432 857 1483 οὐ

154 1503 290 1568 μέλλοντα
309 1503 509 1570 (γενηςόμενα).
534 1520 559 1567 μ.
579 1503 679 1569 χρόνος
734 1503 837 1567 μηδὲν
855 1501 978 1566 γίγνεται
997 1502 1134 1571 ἀναιτίως,
1155 1505 1241 1570 μηδὲν
1255 1502 1293 1567 γλ-

152 1578 196 1626 81.
215 1571 271 1626 trie
284 1576 413 1641 tempore
423 1574 576 1627 seeundum
587 1573 678 1627 fatum
769 1589 863 1637 γνεται
878 1575 908 1626 ἐκ
922 1579 973 1626 τοῦ
989 1577 1025 1640 μὴ
1040 1575 1123 1628 δντος
1137 1575 1183 1628 vel
1198 1576 1228 1628 ἐκ
1243 1592 1291 1641 μη·

153 1644 302 1713 explentur
312 1660 369 1712 eqs.
381 1649 470 1698 4349.
491 1645 555 1699 add.
564 1645 677 1713 (fatum)
770 1646 856 1710 δενός,
872 1642 906 1698 ef.
918 1646 1067 1698 ἀδύνατον.
1082 1647 1234 1712 ηςύγχυςις
1245 1644 1293 1715 (εἰς

155 1715 229 1769 ratio
254 1716 391 1783 quaedem
419 1718 473 1780 est,
504 1733 560 1783 que
585 1716 679 1769 omnis
769 1717 803 1768 τό
823 1717 918 1784 μηδέν)
940 1721 972 1769 16

154 1787 223 1840 fiunt
246 1802 317 1855 quae
341 1787 377 1841 ad
401 1804 533 1855 praesens
558 1790 680 1856 aguntur
735 1787 853 1854 μηκέτι
873 1785 907 1839 ef.
927 1788 1020 1840 οὐκέτι

155 1873 281 1926 quasque
301 1856 494 1912 interserunt
512 1857 679 1927 provenient
734 1864 832 1925 μοῖρα
851 1864 885 1911 36
902 1859 966 1925 (36).
991 1858 1067 1924 παρὰ
1084 1859 1118 1911 τό
1133 1858 1235 1925 μείρειν
1250 1863 1292 1912 40,

155 1928 250 1982 Chalc.
265 1934 325 1984 176,
349 1930 401 1995 οὐχ
416 1931 513 1995 ὅμοιον
526 1931 560 1982 τό
579 1930 679 1996 ἀληθές
769 1929 824 1982 ἀπὸ
840 1934 891 1982 τοθ
907 1928 1159 1999 [κατα]μεμερίςθαι
1176 1934 1218 1983 46.
1238 1931 1293 1982 ἀπὸ

72 2000 80 2012 “
156 2002 198 2054 ἐπὶ
216 2005 275 2054 τῶν
294 2017 320 2065 μ.
335 2002 380 2054 καί
395 2002 439 2054 ee
452 2006 510 2054 τῶν
525 2002 618 2054 όντων
634 2003 679 2054 καὶ
768 2005 819 2053 τοο
835 2003 1008 2066 διαμεριςμοθ
1019 2004 1061 2053 49.
1080 2001 1221 2067 όάριθμός
1235 2006 1294 2054 τῶν

153 2072 313 2136 γεγονότων
338 2077 388 2125 129
412 2070 493 2126 1.21,
532 2073 565 2124 τό
589 2090 615 2138 μ.
639 2071 678 2136 γί-
769 2089 794 2137 μ.
815 2076 857 2125 46.
896 2071 959 2126 add.
988 2071 1110 2194 [ΔαυλὶἸ
1127 2070 1161 2124 de
1188 2071 1293 2126 mundo

137 2147 244 2196 Ινεςθαι
259 2144 400 2209 ἐνδέχεται
416 2146 460 2196 καί
475 2146 511 2210 μὴ
526 2141 677 2197 evertes.
770 2160 792 2198 ο.
813 2146 841 2208 6,
868 2140 1015 2210 Augustis.
1041 2159 1063 2197 ο.
1111 2144 1182 2196 aust.
1206 2141 1293 2197 ΧΧ9

154 2230 225 2282 ques
245 2231 300 2267 non
320 2213 377 2266 sint
394 2215 498 2282 future,
517 2231 600 2283 posse
619 2213 679 2268 fieri
769 2212 847 2281 (VIII
864 2231 891 2282 p,
912 2218 963 2267 337
983 2212 1064 2280 οΒ.),
1084 2215 1196 2268 Oornut.
1217 2230 1239 2269 α
1261 2218 1292 2266 13

153 2290 196 2339 82.
221 2291 277 2339 πάν
291 2286 325 2338 τό
344 2287 515 2339 ἐπιδεκτικόν
533 2291 585 2339 τοῦ
604 2286 679 2350 γενέ·
769 2303 795 2353 p.
813 2284 894 2351 1311„
914 2282 996 2352 Apul.
1012 2285 1047 2338 de
1063 2285 1214 2353 orthogrss
1229 2303 1256 2353 p.
1267 2289 1293 2337 4.

154 2361 212 2410 ςθαι
231 2358 282 2410 κᾶν
302 2358 338 2423 μή
358 2358 441 2426 μέλλῃ
460 2358 619 2424 γενήςεςθαι
633 2359 678 2410 δυ-
769 2356 855 2425 [παρὰ
874 2361 973 2423 μοῖραν
993 2355 1057 2424 108]

154 2429 240 2482 νατόν
255 2429 310 2481 ἐςτι
325 2433 367 2481 80.
390 2426 485 2482 futura
500 2444 566 2481 vere
581 2443 678 2482 causas
734 2430 844 2494 μόρια,
869 2428 904 2480 τά
923 2428 991 2481 ἀλλα
1011 2428 1102 2496 (etei)
1120 2430 1171 2479 τοθ
1191 2427 1293 2491 κόςμου

156 2515 204 2552 ουτ
227 2497 323 2553 future
347 2499 403 2552 sint
423 2497 547 2553 habeant
565 2515 678 2552 neeesse
769 2498 807 2553 εἰς
832 2500 936 2565 ἄλληλα
960 2498 1176 2553 καταλλάττεται
1201 2504 1224 2550 6.
1257 2497 1293 2550 τά

154 2573 196 2625 est
211 2575 253 2624 78.
283 2571 410 2637 παρόντα
429 2571 587 2636 μελλόντων
606 2570 679 2623 αἴτια
769 2571 904 2636 μέλλοντα
928 2570 999 2623 αὐτά
1021 2587 1053 2622 τε
1077 2571 1121 2622 καί
1146 2569 1182 2622 τά
1212 2570 1293 2636 μόρια

155 2647 213 2697 141.
240 2641 337 2695 omnis
355 2641 414 2694 iate
434 2642 505 2695 fiunt
523 2644 552 2694 et
567 2657 599 2694 ex
614 2658 678 2694 eau-
769 2642 863 2694 αὐτῶν
882 2641 937 2694 ἐςτι
958 2639 1131 2707 ἀντικείμενα
1150 2646 1182 2692 81

154 2713 190 2767 sis
210 2711 332 2766 aeternis
351 2729 443 2766 rerum
461 2712 620 2766 futurarum
636 2717 677 2766 77.
733 2713 863 2779 μύρμηξ
884 2717 933 2764 141

154 2784 305 2838 necessitas
320 2801 412 2838 rerum
429 2785 583 2838 futurarum
594 2808 628 2829 =
639 2783 677 2836 fa·
733 2787 794 2849 μθς
815 2788 863 2835 141

153 2858 213 2909 tum
225 2860 266 2910 10.
293 2858 356 2922 ἤτοι
370 2857 460 2922 ψευδῆ
475 2858 493 2922 ἢ
508 2855 597 2921 ἀληθῆ
609 2856 679 2909 εἶναι
732 2854 903 2920 ναυμαχία
922 2861 954 2909 81

152 2928 188 2980 τὰ
212 2945 238 2993 μ.
259 2932 302 2982 81.
339 2930 389 2980 aut
412 2925 536 2980 futurum
561 2929 604 2980 est
629 2929 680 2979 eut
732 2927 947 2992 ναύςταθμος
967 2931 1014 2979 121

153 3014 209 3051 non
230 2997 319 3051 1201.
340 3005 364 3052 9.
393 2999 429 3050 τά
448 3015 473 3060 μ.
494 2998 566 3050 αὐτά
584 3014 615 3051 τε
634 2999 678 3050 καὶ
731 2997 863 3062 νέμεςις
882 3002 915 3051 66

151 3070 193 3123 τά·
208 3070 290 3136 μόρια
304 3070 398 3122 αὐτῶν
415 3068 479 3136 (έςτι
493 3067 678 3135 ἀντικείμενα)
733 3067 807 3135 νίκη
828 3070 878 3121 οιίκ
898 3070 953 3122 έετι
972 3068 1139 3134 φευγόντων
1159 3072 1209 3120 121

153 3146 195 3195 81.
229 3142 310 3208 ἡέπὶ
329 3145 370 3208 τῷ
390 3157 416 3205 μ.
436 3139 543 3205 ἀνάγκη
566 3140 679 3206 παρέχει
732 3140 861 3211 νοερός.
888 3141 952 3193 θεός
970 3144 1043 3209 ζῷον
1062 3139 1204 3192 ἀθάνατον
1222 3141 1294 3203 λογι-

152 3215 205 3278 τὴν
224 3216 275 3264 τοῦ
295 3211 480 3278 γενηςομένου
502 3209 678 3277 προαίςθηςιν
769 3212 819 3263 κόν
843 3210 949 3264 τέλειον
971 3213 989 3278 ἢ
1012 3229 1037 3264 ν.
1060 3215 1109 3264 132
1126 3210 1190 3264 adn.
1219 3213 1293 3279 Ζῷον

156 3288 215 3336 126.
239 3285 256 3348 ἡ
273 3284 389 3350 μαντική
405 3283 460 3335 έςτι
473 3286 532 3335 τῶν
547 3299 573 3347 μ.
593 3282 678 3335 ἀπάν-
769 3282 899 3347 όκόςμος
913 3284 957 3335 καὶ
974 3283 1086 3346 λογικόν
1105 3283 1150 3334 καὶ
1168 3282 1294 3347 ἔμψυχον

151 3371 211 3408 των
226 3356 382 3421 θεωρητικὴ
398 3355 442 3406 καὶ
456 3356 677 3420 προαγορευτικὴ
769 3355 814 3406 καὶ
831 3371 866 3420 ν.,
891 3355 907 3406 δ
931 3355 1029 3419 κόςμος
1048 3371 1073 3406 ν.
1093 3357 1118 3407 9.
1156 3354 1172 3405 ό
1195 3353 1294 3417 κόςμος

153 3426 261 3494 (τέχνη)
285 3430 342 3479 123.
372 3426 389 3490 ἡ
408 3426 547 3492 περὶτῶν
568 3441 592 3489 μ.
611 3425 678 3492 πρό-
769 3426 910 3478 διοικεῖται
935 3425 990 3478 ὑπὸ
1014 3425 1123 3490 φύςεως
1147 3441 1171 3476 ν.
1193 3428 1239 3490 72,
1258 3421 1292 3476 ef.

151 3513 251 3561 γνωςις
265 3501 306 3550 87.
332 3495 358 3549 οἱ
373 3496 679 3562 θεολπρογιγνώςκουςι
768 3513 795 3563 p.
816 3501 868 3549 694

152 3568 188 3621 τά
208 3585 233 3633 μ.
253 3572 295 3621 97.
327 3568 394 3620 τοὺς
412 3569 493 3620 θεοὺς
510 3568 546 3620 τὰ
564 3567 679 3632 ἐςδμενα
733 3569 836 3632 νόμος
847 3592 879 3611 =
891 3565 1039 3633 εἱμαρμένη
1051 3570 1109 3620 103.
1126 3565 1240 3618 alet(
1252 3570 1292 3619 10.

151 3639 359 3707 προειδέναι91.
375 3638 439 3692 add.
449 3639 516 3691 τοὺς
526 3640 556 3691 δέ
564 3641 677 3692 θεοὺς..
770 3663 803 3684 =
822 3639 937 3705 νέμεςις,
962 3637 1045 3700 λόγος
1067 3637 1150 3703 όρθός
1174 3639 1230 3689 κτλ.
1250 3639 1292 3689 66.

152 3710 452 3777 παρακολουθήςαντας
480 3713 527 3776 μιᾷ
557 3710 678 3778 περιόδῳ
770 3709 918 3777 εἱμαρμένη
933 3709 988 3761 έςτί
1002 3725 1026 3761 ν.
1037 3712 1096 3760 των
1106 3708 1187 3776 ἐντῷ
1201 3707 1293 3776 κόςμῳ

152 3782 296 3847 γινώςκειν
315 3781 345 3833 έκ
365 3781 470 3846 ταύτης
487 3780 579 3833 πάντα
597 3781 633 3834 τὰ
652 3798 678 3846 μ.
769 3779 888 3848 προνοίᾳ
921 3779 1118 3844 διοικουμένων
1144 3783 1187 3832 49.
1229 3778 1293 3833 add.

152 3856 258 3909 ἔςεςθαι
269 3853 300 3905 ἐν
310 3857 370 3905 ταῖς
379 3853 441 3918 ἑξῆς
450 3852 589 3917 περιόδοις
598 3851 677 3905 Nem.
769 3850 893 3919 Lycurgi
906 3851 983 3919 leges
999 3848 1093 3902 Chele.
1111 3855 1169 3904 161.
1198 3850 1225 3903 οἱ
1243 3849 1295 3903 κε(-

152 3942 175 3979 ο.
195 3929 229 3978 38
249 3943 276 3992 p.
297 3927 362 3988 148,
392 3922 425 3976 ef.
455 3921 527 3976 falsa
551 3923 613 3975 edn.
644 3922 678 3976 ed
770 3939 847 3988 μενοι
864 3940 889 3975 ν.
909 3922 1084 3988 ήμάρτηνται
1105 3926 1163 3975 137.
1196 3939 1220 3974 ν.
1240 3921 1295 3975 ἐςτί

150 3996 184 4050 fr.
198 4000 239 4049 15.
266 3995 300 4048 τό
314 3998 370 4060 πορ
384 3999 435 4047 τοθ
451 3993 678 4059 μέλλοντοςάπο-
770 3994 864 4062 (λόγος
894 3994 987 4061 ὀρθός)
1016 3993 1215 4060 προςτακτικὸς
1245 3994 1295 4058 μέν

150 4070 286 4122 τελειςθαι
304 4065 407 4130 κόςμου
427 4065 531 4132 ςπέρμα
553 4071 585 4118 16
770 4065 810 4119 ων
828 4065 961 4131 ποιητέον
976 4064 1195 4130 ἀπαγορευτικός
1210 4065 1240 4117 δέ
1254 4064 1294 4116 ὠν

117 4142 179 4206 μέν
200 4181 227 4192 ..
248 4138 278 4191 δέ
297 4135 331 4189 ef.
352 4137 385 4190 οὐ
521 4148 527 4155 ·
771 4137 804 4190 οὐ
823 4136 955 4202 ποιητέον
974 4153 1001 4203 p.
1017 4139 1077 4189 694.
1097 4138 1131 4188 66
1150 4151 1213 4187 eum
1231 4134 1293 4189 edu.

115 4212 240 4278 μένειν.
271 4208 366 4274 μηκέτι
391 4208 406 4258 ό
428 4207 527 4272 κόςμος
545 4206 584 4261 εἷς
603 4224 638 4275 μ.,
658 4205 682 4260 εἰ
771 4208 835 4262 add.
851 4206 928 4262 Steb.
944 4206 995 4261 eel.
1011 4205 1066 4259 eth.
1082 4205 1107 4259 ΙΙ
1125 4211 1149 4272 7,
1165 4210 1197 4259 11
1212 4223 1239 4274 p.
1251 4211 1294 4275 96,

153 4280 277 4337 ἀναίτιοι
293 4278 428 4343 εἰςάγεται
443 4277 545 4345 κίνηςις
560 4283 592 4333 72
608 4278 626 4333 1.
639 4283 679 4333 16.
772 4284 806 4332 10
816 4278 869 4345 W„
888 4278 923 4332 ef.
938 4297 964 4347 p.
984 4283 1043 4345 102,
1058 4282 1083 4331 4.
1107 4277 1175 4346 quid
1194 4278 1237 4331 est
1249 4275 1295 4331 lex

152 4353 187 4407 τό
207 4349 315 4414 ἀξίωμα
335 4350 427 4402 οὐκέτι
441 4350 543 4415 ἀληθές
556 4368 592 4418 μ,
611 4349 681 4402 ἐπει·
770 4348 825 4403 nisi
843 4347 949 4402 iussum
966 4348 1085 4403 sciscens
1099 4348 1219 4402 honesta
1233 4363 1294 4417 pro-

152 4425 205 4479 δάν
232 4424 268 4488 μὴ
295 4462 329 4476 ..
353 4421 468 4487 γένηται
491 4425 533 4475 81.
572 4424 589 4487 ἡ
615 4422 681 4474 καθ’
770 4419 1036 4476 hibenseentrerie?
1047 4418 1141 4475 Chele.
1152 4423 1211 4475 167.
1223 4419 1296 4473 Zeno

1028 4509 1083 4562 te*
