2856 4852
559 247 738 320 Chrysippea·
1172 249 1236 315 713

60 425 240 498 pareretque
263 419 419 496 aptissima
441 422 472 479 et
495 419 669 496 utilissima,
692 420 751 478 alia
774 438 891 496 quoque
909 420 1009 506 simulx
1018 420 1150 497 adgnata
1169 423 1240 481 sunt
1253 434 1279 473 1⁰

60 511 249 570 incommoda
267 509 313 568 his
332 508 417 586 ipsis,
441 527 518 585 quae
536 509 680 583 faciebat,
703 501 919 586 cohaerentia'3
944 529 1041 586 neque
1064 528 1100 569 sa
1117 528 1171 587 per
1189 529 1240 569 na-

60 603 163 660 turam
182 600 236 659 sed
261 618 314 676 per
333 599 482 673 sequellas
505 599 650 675 quasdam
668 597 853 658 necessarias
871 597 952 658 facta
970 596 1056 674 dicit,
1078 600 1156 674 quod
1175 599 1239 673 ipse

59 688 197 765 appellat
214 683 295 748 κατὰ
318 682 602 762 παρακολούθηειν.
639 680 751 747 ‘sicut'
773 686 873 764 inquit
898 680 983 747 ‘cum
1002 707 1127 764 corpora
1144 687 1238 747 horni-

58 799 133 837 num
150 779 261 837 natura
278 776 416 853 fingeret,
435 776 512 835 ratio
530 776 670 836 subtilior
689 778 720 835 et
737 775 854 836 utilitas
869 775 934 851 ipsa
949 776 1046 852 operis
1065 776 1239 855 postulavit,

57 871 93 926 ut
122 866 307 926 tenuissimis
333 864 516 941 minutisque
540 864 677 925 ossiculis
703 867 794 941 eaput
822 865 1036 943 compingeret.
1083 865 1136 925 sad
1163 866 1239 926 hanc
1254 879 1280 919 1⁵

56 956 228 1016 utilitatem
246 954 291 1014 rei
309 955 451 1014 maiorem
469 955 530 1014 alia
548 949 696 1030 quaedam
718 954 947 1014 incommoditas
972 954 1155 1015 extrinsecus
1173 974 1240 1015 con-

58 1049 165 1104 secuta
184 1046 244 1122 est,
262 1046 297 1103 ut
314 1043 401 1102 ficrat
418 1045 509 1119 caput
527 1043 659 1103 tenuiter
674 1044 822 1103 munitum
837 1045 869 1102 et
887 1042 995 1103 ictibus
1015 1043 1240 1104 offensionibus-

58 1153 118 1210 que
142 1133 244 1210 parvis
267 1132 385 1209 fragile.
427 1131 552 1208 proinde
576 1132 672 1192 morbi
698 1151 817 1210 quoque
846 1133 878 1192 et
905 1133 1110 1208 aegritudines
1135 1136 1240 1209 partas

58 1226 146 1299 sunt,
174 1222 243 1280 dum
267 1222 348 1281 salus
372 1221 497 1296 paritur.
535 1221 612 1280 sicut
629 1214 745 1281 hercle’
769 1220 868 1296 inquit
892 1215 979 1280 ‘dum
999 1222 1096 1282 virtus
1114 1221 1239 1282 homini-

57 1313 117 1371 bus
136 1330 190 1388 per
205 1311 360 1371 consilium
378 1313 504 1369 naturae
522 1309 665 1386 gignitur,
685 1310 761 1370 vitia
774 1309 885 1370 ibidem
904 1329 959 1386 per
972 1310 1158 1370 adfinitatem
1173 1330 1238 1372 eon·
1253 1324 1280 1364 so

58 1400 188 1460 trariam
205 1402 278 1485 nata
299 1391 390 1458 sunt'

133 1505 307 1554 tactorum
330 1499 392 1567 ipsu
416 1514 433 1552 κ
457 1514 472 1552 e
495 1497 575 1553 codd.
604 1498 690 1552 deter.
715 1498 858 1565 (αανανααι
880 1499 970 1567 ipsam
993 1498 1041 1568 V);
1070 1515 1109 1553 aa
1135 1503 1240 1554 cabaa

58 1574 123 1641 ipsc
143 1569 234 1638 Otho,
252 1571 278 1624 si
295 1574 399 1624 saiwa
419 1569 482 1639 epac
500 1569 585 1638 volgo
658 1574 674 1622 6
694 1569 847 1624 existimat:
867 1567 1011 1640 imperitia
1030 1567 1116 1624 Gellii
1134 1585 1168 1623 ex
1186 1570 1239 1624 hac

57 1642 162 1698 rocula
181 1640 285 1706 elucet3
304 1639 436 1696 nimirum
455 1639 485 1694 id
504 1640 579 1708 quod
600 1638 727 1709 sequitur
745 1657 835 1708 neque
856 1639 1027 1711 Chrysippus
1050 1657 1142 1709 nequa
1165 1640 1239 1710 quis-

59 1731 157 1852 etl,
170 1712 449 1866 {tratis
506 1709 1018 1851 ”attrabatas
1032 1711 1240 1853 litati?

59 1875 171 1922 curum3
196 1856 265 1910 alibi
289 1857 487 1910 ἐπακολουθεῖν
510 1855 661 1924 praeoptat
753 1860 785 1907 16
808 1855 938 1910 sicimam
963 1853 1097 1908 Eussner:
1126 1856 1240 1912 masaia

59 1934 96 1983 20
115 1927 216 1983 ibidem
220 1969 230 1996 ,
250 1943 286 1982 sc.
307 1926 382 1995 apud
400 1925 541 1980 homines:
559 1926 654 1980 itidem
672 1925 756 1994 volgo

10 2074 48 2138 29
149 2078 230 2137 Plut.
254 2077 290 2136 de
313 2096 375 2154 rep.
400 2075 488 2138 Stoic.
511 2095 535 2136 ο.
552 2079 599 2136 »21
627 2067 671 2155 (p.
692 2077 777 2135 1044
792 2070 845 2152 E):
871 2074 1058 2153 Chrysippus
1088 2074 1240 2135 inducitur

58 2165 119 2242 τὴν
133 2164 192 2242 μὲν
206 2160 363 2241 πρόνοιαν
381 2160 587 2240 ἐγκωμιάζων
607 2159 695 2239 ἰχθῦ(
713 2160 765 2224 καὶ
778 2157 907 2238 ὄρνιθα(
926 2160 977 2224 καὶ
993 2161 1063 2240 μέλι
1081 2160 1133 2224 καὶ
1147 2157 1238 2225 οἶνον

59 2250 343 2330 παροικευάεαεαν
358 2301 365 2316 .
380 2300 387 2315 .
402 2298 409 2314 .
576 2275 580 2284 ·

10 2395 48 2459 30
150 2396 336 2474 Quamquam
361 2395 405 2456 ita
427 2396 481 2469 sit,
503 2398 538 2466 ut
556 2394 672 2455 ratione
691 2395 820 2471 quadam
843 2394 1013 2455 necessaria
1031 2399 1063 2456 et
1080 2394 1239 2471 principali

59 2489 164 2548 coacta
183 2490 274 2562 atque
293 2504 404 2546 conexa
427 2485 489 2545 sint
510 2485 574 2545 fato
597 2484 712 2560 omnia,
736 2484 857 2562 ingenia
879 2488 980 2544 tamen
1004 2485 1070 2561 ipsa
1092 2485 1239 2543 montium

58 2579 233 2637 nostrarum
251 2575 376 2651 proinde
395 2577 465 2634 sunt
484 2574 547 2633 lato
567 2574 708 2650 obnoxia,
733 2576 767 2633 ut
789 2573 957 2649 proprietas
973 2591 1085 2634 eorum
1108 2575 1155 2632 est
1174 2573 1239 2647 ipsa

60 2669 91 2725 et
110 2664 251 2742 qualitas.
278 2682 348 2723 nam
364 2664 390 2723 si
405 2666 475 2722 sunt
493 2681 547 2738 per
565 2665 705 2721 naturam
724 2661 865 2737 primitus
884 2661 1046 2721 salubriter
1063 2662 1238 2737 utiliterque

58 2755 139 2829 ficta,
158 2772 276 2814 omnem
294 2752 378 2812 illam
396 2753 467 2829 rim,
485 2770 562 2829 quae
581 2752 618 2810 de
636 2751 699 2810 fato
719 2750 903 2810 extrinsecus
922 2750 1044 2826 ingruit,
1063 2749 1265 2810 inoffensius⁵

60 2842 310 2918 tractabiliusque
335 2840 559 2915 transmittuut;
592 2840 640 2900 sin
668 2859 738 2900 varo
771 2841 842 2898 sunt
872 2857 980 2915 aspera
1008 2842 1039 2898 et
1068 2838 1176 2898 inscita
1208 2842 1239 2898 et

57 2931 147 2991 rudia
172 2930 324 3007 nullisque
348 2931 459 2991 artium
481 2931 629 2991 bonarum
651 2927 839 2988 adminiculis
862 2928 953 2999 fulta,
980 2927 1071 2987 etiam
1096 2928 1122 2988 si
1144 2946 1237 3003 parvo

59 3022 122 3082 sive
143 3020 227 3081 nullo
246 3020 348 3080 fatalis
367 3019 547 3081 incommodi
565 3018 703 3078 conflictu
727 3019 906 3094 urgeantur,
929 3034 984 3075 sua
1005 3019 1106 3075 tamen
1125 3016 1237 3075 scaevi-

58 3113 124 3171 tate
144 3111 177 3170 et
194 3110 363 3170 voluntario
388 3110 503 3184 impetu
521 3109 552 3167 in
571 3108 693 3168 assidua
711 3107 821 3166 delicta
843 3109 874 3169 et
897 3106 928 3164 in
949 3124 1066 3164 errores
1086 3124 1118 3164 se
1136 3107 1238 3165 ruunt.

59 3200 151 3277 idque
177 3199 276 3275 ipsum
301 3201 336 3258 ut
359 3197 533 3259 erratione
557 3197 623 3270 fiat,
647 3195 794 3255 naturalis
816 3195 869 3254 illa
893 3196 924 3254 at
946 3194 1114 3254 necessaria
1136 3213 1237 3253 rarum
1252 3206 1278 3244 10

60 3287 275 3364 consequentia
293 3287 393 3362 efficit,
412 3306 488 3365 quae
507 3286 604 3347 fatum
623 3288 754 3347 vocatur.
787 3287 833 3344 est
848 3283 926 3344 enim
940 3302 1049 3360 genere
1067 3283 1132 3358 ipso
1152 3281 1237 3360 quasi

59 3378 154 3438 fatale
183 3381 214 3437 et
239 3395 435 3454 consequens,
464 3378 498 3435 ut
525 3375 605 3434 mala
631 3373 753 3450 ingenia
782 3372 910 3449 peccatis
939 3374 970 3431 et
997 3371 1150 3432 erroribus
1177 3390 1237 3431 non

58 3469 177 3528 vacent.

133 3562 533 3631 Gell.noet.att.V112,‘l.
567 3567 583 3628 5
602 3569 618 3618 6
638 3562 743 3616 Contra
765 3577 797 3614 eo
820 3557 991 3630 Chrysippus
1013 3560 1130 3615 tenuiter
1149 3560 1236 3614 multo

60 3641 85 3692 ct
104 3640 203 3706 argute
220 3636 345 3701 disscrit;
362 3635 409 3690 scd
427 3634 548 3690 annium
560 3634 627 3701 fere,
645 3649 715 3702 quae
733 3647 814 3700 super
827 3647 860 3684 ea
873 3647 902 3684 rc
915 3631 1034 3699 sorpsit,
1052 3631 1236 3686 huiuscemodi

60 3709 198 3763 renuntia
216 3711 267 3760 cst:
288 3705 464 3776 ‘quamquam
482 3706 524 3759 ita
541 3706 590 3771 eit,
609 3704 717 3773 inquit,
736 3707 768 3757 ut
787 3733 819 3742 -
837 3701 943 3758 vacear’
1038 3709 1051 3756 1
1071 3703 1237 3757 αεοαοαανίοι

62 3796 131 3834 corr.
150 3777 238 3831 Horta
309 3778 423 3844 bficto:
440 3777 517 3843 farta
535 3775 568 3831 Η.
589 3773 703 3830 Grotius
776 3774 925 3828 bimaita:
943 3773 1051 3828 insulso
1069 3773 1103 3828 Η.
1122 3772 1237 3828 Grotius

63 3857 95 3905 la
114 3850 216 3916 fatale:
234 3849 372 3914 confutate
386 3847 507 3913 Gronov,
525 3846 620 3901 nescio
634 3863 696 3911 cur3
716 3843 887 3914 chrysippus
906 3844 1019 3914 scripsit
1037 3847 1096 3899 tale
1115 3844 1236 3915 aliquid=

63 3926 163 3976 κοινῶς
180 3920 235 3988 γὰρ
249 3919 316 3974 οἷον
334 3921 362 3974 ἐξ
381 3918 546 3987 εἱμαρμένη(
562 3921 766 3986 παρακολουθεῖ
783 3918 817 3971 τὸ
833 3958 838 3970 .
854 3959 860 3971 .
876 3957 883 3971 .

18 4065 53 4130 31
150 4069 236 4129 Sicut
257 4068 387 4145 lapidem
411 4067 578 4144 cylindrum
602 4067 703 4143 siper
727 4067 824 4143 spatia
848 4069 947 4126 tarrae
965 4085 1060 4141 prona
1078 4066 1169 4143 atque
1188 4066 1236 4124 dc-

64 4163 153 4237 rupta
171 4159 280 4230 iacias,
299 4176 390 4217 causa
409 4156 527 4234 quidem
547 4158 574 4216 ei
594 4160 625 4216 et
643 4156 761 4216 initium
779 4153 1026 4232 praecipitantiae
1044 4154 1149 4232 fueris,
1169 4173 1236 4214 mox

65 4253 165 4309 tamen
184 4247 236 4306 ille
255 4265 396 4323 praeceps
415 4245 561 4320 volvitur,
585 4265 644 4306 non
664 4244 734 4321 quia
751 4248 786 4304 tu
805 4244 835 4303 id
853 4244 913 4303 ianr
932 4243 1006 4304 facis
1026 4245 1077 4303 sed
1097 4244 1237 4322 quoniam

65 4337 107 4398 ita
130 4356 197 4399 sese
222 4336 327 4396 modus
350 4334 414 4394 eius
439 4338 469 4394 et
487 4336 602 4396 formae
625 4333 798 4395 volubilitas
823 4333 927 4392 habet:
954 4333 995 4392 sic
1019 4332 1090 4392 ordo
1110 4333 1235 4393 stratio

67 4431 96 4487 et
112 4425 277 4487 necessitas
296 4424 352 4483 fati
371 4442 484 4500 genera
505 4424 572 4501 ipsa
591 4426 621 4483 et
639 4422 786 4500 principia
803 4439 961 4481 causarum
979 4424 1088 4498 movet,
1106 4421 1235 4497 impetus
1250 4450 1262 4490 5
