2784 4846
511 263 692 335 Chrysippea.
1053 260 1056 269 '
1125 264 1190 330 755

22 421 125 512 κατιν).
167 425 201 492 ἐξ
229 424 270 490 οὗ
292 427 454 506 ευμβαίνει
476 428 514 492 τὸ
538 429 596 507 τήν
621 429 678 506 μέν
703 430 769 491 τῶν
798 418 928 503 ἀγαθῶν
956 427 1190 507 προαγόρευειν

26 515 64 594 μὴ
90 514 254 581 ἐπιτείνειν
282 514 368 582 πάνυ
395 537 424 579 τι
452 519 511 595 τὴν
537 515 640 595 χαράν
668 513 734 601 (διὰ
761 517 798 579 τὸ
827 517 877 579 καὶ
903 516 999 594 χωρίε
1027 521 1083 595 τῆε
1112 538 1189 595 προ-

29 603 213 682 αγορεύεεωτ
242 603 374 669 ἕκαετον
399 605 432 671 ἐξ
456 604 572 670 ἑαυτοῦ
601 605 640 668 τά
666 604 797 684 κρείττω
825 600 1021 690 προεδοκᾶν)
1045 607 1064 683 ἢ
1090 604 1190 689 <ἐπ’>

33 689 127 768 ἀλίγον
167 692 337 758 ἐπιτείνειν
374 699 412 778 τῇ
456 695 591 777 δοκούεῃ
636 693 829 774 βεβαιότητι,
871 692 1024 757 πολλάκι(
1061 695 1108 756 δέι
1139 696 1190 758 καὶ
1204 710 1230 748 ⁶⁰

10 784 124 859 Ιμειοῦν
154 785 214 861 τὴν
250 782 369 862 χαράν,
406 781 486 848 ὅταν
523 783 646 848 ἐλάττω
682 786 749 846 τῶν
793 783 1006 847 ἐλπιεθέντων
1039 781 1190 866 ἀκουεθῇ·

36 871 82 948 τὴν
96 871 126 934 δέ
148 874 217 935 τῶν
241 875 348 936 κακῶν
367 873 600 951 προαγόρευειν
624 869 688 955 (καὶ
707 871 759 935 διὰ
781 872 820 935 τὸ
841 870 1063 950 ἀπόετρεπτον
1083 871 1191 936 αὐτῶν

22 958 112 1037 ’ῖφιίεει
129 961 179 1023 καὶ
202 960 256 1023 διά
278 962 316 1024 τὸ
337 960 416 1039 παρ’
436 961 567 1025 ἐλπίδα(
585 960 690 1025 ἐνίοτε
709 956 934 1047 προλέγεεθαι)
954 959 1100 1038 μεγάλω(
1119 979 1190 1024 τυν-

39 1046 188 1125 ταράττειν.
218 1047 295 1113 ἀλλ’
313 1047 408 1128 ἀμωτ,
428 1049 455 1114 εἰ
479 1051 530 1113 καὶ
553 1052 593 1129 μὴ
615 1054 712 1114 τοῦτο
737 1051 910 1129 ευνέβαινε,
934 1048 972 1112 τό
996 1070 1033 1126 γε
1058 1048 1190 1128 ἀχρεῖον

41 1132 138 1201 ἐτετθαι
154 1140 213 1217 τὴν
237 1137 470 1218 προαγόρευειν
494 1139 589 1203 παντί
608 1161 670 1202 που
695 1142 796 1216 δῆλον
815 1137 855 1203 ἂν
875 1137 932 1217 εἴη.
970 1138 997 1202 εἰ
1016 1138 1078 1216 γὰρ
1098 1140 1189 1217 φήτει
1203 1152 1230 1191 66

40 1240 76 1287 ττι
90 1228 268 1306 εωθήεεεθαι
292 1229 329 1291 τὸ
355 1230 505 1308 χρήειμον
529 1233 584 1307 τῆε
608 1231 757 1306 μαντικῆε
783 1228 835 1290 διὰ
860 1228 897 1290 τὸ
920 1228 1132 1305 προλέγεεθαι
1152 1227 1190 1290 τὸ

41 1311 144 1379 τάντωε
175 1315 331 1394 ἐεόμενον
364 1318 514 1396 δυεχερέε
549 1316 576 1380 εί
614 1319 654 1395 μὴ
688 1316 921 1395 φυλαξαίμεθα,
960 1316 1064 1380 οὐκέτι
1097 1315 1191 1380 δείξει

41 1399 122 1466 πάντα
139 1404 355 1484 ευμβηεόμενα
374 1403 448 1469 καθ’
474 1404 666 1484 εἱμαρμένην
685 1404 743 1483 ἐφ’
761 1405 836 1484 ἡμῖν
855 1403 951 1468 ὄντα(
969 1408 1028 1468 τοῦ
1048 1404 1190 1483 φυλάξα-

42 1491 93 1553 ιθαί
112 1513 143 1557 τε
170 1494 223 1557 καὶ
250 1496 290 1572 μὴ
306 1493 526 1572 φυλάξαεθαι.
571 1495 598 1558 εἰ
621 1495 683 1573 γάρ
707 1492 775 1557 ςκαὶ
801 1498 899 1558 τοῦτο
924 1491 1190 1572 κατηναγκάεθαι’

41 1579 112 1658 ηήεει
127 1602 180 1661 τιε,
201 1581 257 1646 *ὼε
272 1582 317 1647 είε
332 1582 438 1647 πάντα
452 1583 492 1647 τὰ
506 1581 586 1646 ὄντα
604 1582 773 1647 διατείνειν
786 1585 846 1661 τὴν
861 1580 1073 1662 είμαρμένην’,
1093 1583 1190 1647 πάλιν
1205 1597 1231 1636 ⁷⁰

41 1666 69 1729 τὸ
88 1674 135 1749 ιήε
158 1676 307 1751 μαντικῆε
331 1674 482 1751 χρήειμον
506 1671 695 1750 ἀναιρεῖται·
720 1672 928 1752 φυλαξόμεθα
947 1671 1022 1751 γάρ,
1041 1672 1069 1736 εἰ
1087 1671 1190 1736 καθεί-

40 1773 143 1838 μαρτοι,
161 1760 212 1824 καὶ
231 1759 270 1824 οὐ
290 1759 498 1840 φυλαξόμεθα
517 1765 617 1840 δῆλον
636 1760 694 1840 ῶε,
714 1762 742 1827 εί
764 1763 804 1841 μὴ
825 1761 1029 1840 καθείμαρται
1048 1760 1190 1840 φυλάξα-

40 1849 99 1925 εθαι,
113 1847 169 1912 κᾶν
189 1847 308 1913 πάντεε
327 1848 358 1912 οί
377 1849 504 1928 μάντει(
521 1850 558 1914 τὸ
573 1850 727 1929 ἐεόμενον
742 1851 1004 1929 προαγορεάωειν
1022 1850 1104 1928 ἡμῖν.
1132 1849 1190 1912 τὸν

10 1942 16 1987 ί
39 1937 101 2007 γοῦν
124 1937 279 2002 Οἰδίποδα
303 1940 354 2002 καὶ
377 1939 435 2002 τὸν
460 1937 671 2019 Ἀλέξανδρον
696 1941 754 2004 τὸν
777 1944 836 2002 τοῦ
854 1938 1001 2017 Πριάμου
1021 1938 1071 2002 καὶ
1093 1937 1190 2001 αὐτὸ(

40 2016 234 2102 ίΧρύειππόε
259 2047 334 2107 φηει
358 2028 465 2091 πολλὰ
484 2030 755 2107 μηχανηεαμένων
778 2031 845 2092 τῶν
864 2029 990 2104 γονέων
1009 2026 1089 2089 ὥετε
1108 2025 1188 2089 ἀπο·
1204 2040 1230 2079 ‘1⁵

37 2116 145 2194 πεῖναι,
167 2115 222 2181 ἵνα
245 2118 283 2180 τὸ
308 2115 370 2180 ἀπ’
394 2117 502 2181 αὐτῶν
521 2119 703 2197 προρρηθὲν
722 2117 831 2181 αὑτοῖε
850 2117 949 2180 κακὸν
975 2114 1190 2194 φυλάξωνται,

37 2199 67 2279 λλ
84 2205 259 2284 δυνηθῆναι.
297 2206 400 2271 οὕτω(
425 2206 523 2271 οὐδὲν
547 2205 669 2286 ὄφελοε
693 2206 769 2270 οάδέ
794 2206 903 2270 αὐτοῖς
924 2210 980 2283 τῆε
998 2207 1065 2268 τῶν
1085 2207 1190 2267 κακῶν

36 2294 279 2372 τροαγορεύτεώε
303 2316 398 2376 φηειν
427 2293 507 2360 εἶναι
532 2296 585 2360 διὰ
609 2298 667 2375 τὴν
692 2295 769 2379 <ἐκ>
792 2300 848 2374 τῆς
870 2294 1058 2373 εἱμαρμένη(
1077 2292 1189 2355 αἰτίαν.

34 2382 110 2446 τοῦτο
129 2384 186 2461 μὲν
205 2383 265 2449 οὖν
284 2386 319 2450 ἐκ
337 2384 519 2464 περιουείαε
539 2384 671 2464 είρήεθω
686 2385 767 2463 πρὸ(
780 2385 819 2447 τὸ
834 2386 874 2463 μὴ
890 2382 990 2461 μόνον
1009 2379 1187 2445 άνυπόετα-

32 2485 76 2534 τον
92 2469 173 2536 ἀλλὰ
191 2474 242 2537 καὶ
261 2472 394 2553 ἀχρεῖον
412 2478 468 2553 τῆε
487 2478 644 2552 μαντικῆε.
1203 2484 1230 2524 8⁰

30 2602 227 2616 ⁵——-——-

85 2670 118 2720 67
135 2669 190 2733 τὴν
209 2667 258 2732 μὲν
273 2664 369 2735 G(A?)
424 2663 503 2737 59J60
522 2667 569 2720 ἐπ’
588 2665 694 2730 ὀλίγον·
714 2664 808 2730 ὀλίγον
827 2663 852 2716 Α
894 2668 927 2718 61
949 2668 1057 2729 μειοῦν·
1077 2666 1189 2727 μιμοῦν-

24 2750 61 2789 ται
77 2737 113 2804 A,
130 2735 198 2792 fort.
218 2741 355 2802 μειοῠεθαι
444 2735 567 2804 χάρινΑ
657 2738 738 2790 ὅταν·
759 2735 850 2790 ὅτείιλ
939 2736 1059 2803 ἀκουεθῇ
1080 2749 1135 2787 om.
1151 2731 1189 2785 G·

22 2806 84 2861 mihi
112 2808 275 2876 suspectum
346 2813 380 2862 62
399 2808 600 2875 ἀπάττρεπτον·
630 2805 863 2874 ἀπροαίρετονΑ
936 2811 970 2860 64
998 2806 1110 2873 ἀχρεῖον
1139 2806 1188 2858 ἐτη

20 2877 126 2945 ἀχρεῖον
154 2880 190 2933 ἐε.
216 2878 240 2933 G
263 2878 327 2933 fort.
351 2880 462 2946 ἀχρεῖον
485 2876 563 2950 (ἂν)
586 2879 710 2943 γενέεθαι
782 2884 815 2932 66
838 2880 930 2946 φήεει·
958 2880 1073 2945 φητλΑ
1155 2882 1189 2930 66

18 2951 163 3018 (ωθήεεται
182 2948 207 3002 Α
266 2956 300 3004 67
319 2948 547 3017 φυλαξοίμεθαίιλ
600 2947 661 3021 6718
681 2948 761 3004 δείξει
778 2951 870 3004 πάντα
887 2951 919 3002 τέ
939 2950 974 3000 Α·
993 2950 1086 3003 πάντα
1110 2947 1189 3002 δείξει

16 3021 112 3090 vulgo,
134 3019 200 3074 fort.
225 3020 306 3075 δείξει
324 3022 415 3075 πάντα
433 3038 465 3087 γε
538 3027 572 3074 69
594 3037 625 3075 τε
649 3024 705 3073 καλ·
730 3020 819 3074 καλῶ
891 3026 924 3073 73
942 3021 1056 3074 πάντεε·
1075 3036 1145 3072 ποτε
1164 3019 1187 3071 A

12 3128 239 3196 προαγορεύωτιν
258 3127 295 3179 A·
313 3129 566 3195 προεαγορειίεωειν
585 3126 610 3179 G
681 3133 714 3180 75
734 3109 1020 3192 μηχανηεαμένίίίίεΔ
1086 3129 1118 3178 76
1138 3125 1190 3178 ἀπ’

10 3201 121 3254 αὐτῶν
149 3200 197 3253 ἐπ’
216 3198 354 3253 αὐτῶνθ
417 3201 512 3253 αὐτοῖς
525 3214 556 3254 ιι·
577 3200 670 3253 αὐτοῖο
735 3202 769 3251 ‘18
788 3213 883 3265 φηειν·
908 3199 947 3250 ῶε
965 3197 1091 3266 φηεινΑ
1159 3196 1190 3249 ἐκ

10 3275 74 3338 τήε·
94 3275 147 3338 τῆ(
165 3271 190 3323 Α

60 4525 144 4568 Jahrb.
158 4524 351 4564 f.olnss.1’hilol.
380 4524 459 4572 Suppl.
473 4523 514 4562 Bd.
528 4524 591 4563 xlv.
