2784 4846
186 244 251 311 696
632 243 765 302 Alfredus
783 245 904 302 Gercke:

184 413 316 477 ἕκαετον
340 407 448 476 αὐτῶν
467 407 539 476 οἷον
558 408 610 475 καὶ
628 409 774 490 πέφυκεν
793 406 889 497 εἶναι)
910 418 1057 476 statuum
1077 413 1244 492 Chrysippo
1266 406 1338 497 (frg
1388 450 1392 473 .

185 507 262 582 144,
282 495 484 588 110-115).
516 503 608 564 etiam
625 503 682 564 fati
700 502 887 564 definitiones
902 505 987 565 initio
1003 505 1099 582 operis
1117 507 1263 583 prolatae,
1286 526 1347 582 quw
1391 550 1392 555 η

182 595 271 671 volgo
290 593 460 654 Platonicae
484 612 550 654 esse
574 591 690 667 dicunt,
713 612 750 652 ex
773 593 891 655 officina
909 593 1076 654 Stoicorum
1097 595 1291 670 prodierunt:
1334 626 1338 645 ·,
1391 646 1392 651 ,

183 683 365 744 cautioribus
385 683 464 742 enim
482 682 669 759 temporibus
684 679 778 741 Stoici
790 682 920 760 vestigia
938 702 1010 744 suae
1029 683 1181 744 doctrinae
1198 684 1278 760 apud
1295 684 1321 742 P
1387 696 1392 710 “

183 778 285 834 tonem
309 772 440 850 reperire
463 774 554 849 atque
577 770 721 849 detegere
743 772 842 831 conati
865 776 947 847 snnt,
971 776 1007 832 ut
1030 772 1129 849 ipsum
1156 771 1349 849 Chrysippus

182 865 242 940 frg.
253 863 294 921 26
310 861 466 922 Platonem
477 861 642 921 adsciscere
655 860 838 938 invenimns3
854 863 957 921 eadem
970 860 1087 923 ratione
1101 863 1157 922 hae
1171 861 1322 922 definitio
1334 890 1338 911 ι

183 950 295 1013 nemini
317 950 471 1011 Platonico
490 950 637 1010 debentur
656 948 710 1010 sed
728 953 897 1026 congruunt
916 969 983 1010 cum
998 950 1192 1028 Chrysippeis
1211 952 1294 1028 frgg.
1312 954 1340 1012 3·

184 1041 336 1103 41-49.
372 1038 465 1117 quid?
491 1041 570 1116 quod
597 1039 689 1099 stiam
711 1031 964 1100 ἀποκατάτταειν
987 1038 1155 1101 Stoicorum
1179 1058 1240 1116 cap.
1268 1043 1288 1100 3
1315 1059 1346 1101 eu

183 1129 254 1208 poni
284 1130 481 1207 neglexerunt
513 1128 610 1189 Heine
643 1130 674 1188 et
701 1128 894 1189 Volkmann?
939 1148 977 1189 ne
1008 1129 1103 1206 ipsius
1134 1129 1254 1206 quidem
1284 1149 1352 1191 corn

183 1217 320 1297 pilatoris
338 1218 426 1292 ratio,
445 1236 533 1295 quarn
555 1217 673 1278 Stoicae
693 1217 817 1294 opponit
838 1218 870 1277 in
888 1218 995 1278 ultimo
1014 1219 1120 1296 capite,
1135 1237 1216 1279 *nova
1235 1222 1286 1279 est
1305 1219 1353 1279 sin

184 1327 311 1386 ceraque
329 1307 382 1368 sed
400 1307 439 1367 ab
458 1309 704 1384 argumentorum
722 1307 825 1367 ordine
845 1326 880 1367 ec
898 1307 1041 1382 derivata,
1066 1327 1153 1384 quern
1173 1306 1354 1385 Chrysippus

184 1400 215 1458 in
234 1399 329 1458 altero
348 1392 421 1471 περὶ
440 1391 629 1471 εἱμαρμένη(
648 1396 725 1458 libro
745 1398 865 1457 secutus
885 1400 945 1474 est3
965 1397 1018 1457 sed
1037 1398 1073 1455 de
1092 1397 1148 1456 hac
1166 1416 1199 1456 re
1217 1396 1306 1457 alias.

134 1492 137 1497 '
274 1485 373 1545 Etiam
392 1485 572 1545 ALBINVS
590 1484 762 1546 Platonicus
780 1485 981 1564 aChrysippo
1000 1486 1146 1563 quaedam
1166 1504 1286 1547 sumere
1306 1505 1356 1546 nor

185 1575 344 1636 dubitarit
388 1574 437 1634 hic
465 1578 567 1634 autern
599 1593 667 1635 cum
694 1575 829 1635 odiosum
863 1577 970 1635 nomen'
999 1575 1160 1652 diligenter
1191 1575 1357 1651 removerit

185 1664 351 1726 doctrinam
371 1665 435 1729 eius
454 1663 504 1725 vix
518 1666 666 1723 mutatam
678 1663 794 1740 recipit,
814 1664 923 1740 quippe
938 1663 989 1741 qui
1002 1666 1098 1724 totam
1117 1665 1180 1725 fere
1195 1665 1358 1725 doctrinan

186 1754 244 1816 etsi
258 1773 318 1814 non
332 1753 445 1814 diserte
459 1752 684 1831 pronuntiatam
697 1754 777 1830 apud
786 1753 943 1814 Platonem
956 1753 1083 1814 inveniri
1097 1753 1154 1813 sibi
1168 1755 1358 1830 persuaserit

297 2031 339 2100 IL
377 2031 438 2098 Da
461 2029 689 2141 DOCPRINA
711 2029 942 2099 CHRYSIPPI
965 2031 1243 2100 CETERORVM.

409 2177 432 2226 1.
461 2167 610 2242 chrysippi
628 2171 663 2227 ae
680 2155 859 2242 provincius
877 2174 907 2228 ee
924 2173 983 2228 aco
1003 2171 1140 2228 coctana.

275 2287 391 2348 Multae
414 2286 581 2347 sententiae
603 2285 712 2362 prioris
734 2287 771 2347 de
794 2287 858 2348 fato
882 2288 953 2350 libri
972 2308 1039 2350 cnm
1062 2288 1094 2347 in
1112 2288 1189 2348 libro
1209 2287 1245 2348 de
1266 2292 1361 2366 prori-

186 2377 290 2440 dsntia
313 2378 386 2437 item
410 2377 575 2452 explicatae
598 2376 692 2437 fuisse
717 2375 770 2436 sed
793 2395 863 2437 casu
887 2379 1017 2455 quodam
1034 2377 1185 2438 interiisse
1203 2378 1361 2441 videantur

187 2469 248 2528 iam
265 2486 327 2527 una
349 2467 524 2535 tractandae
548 2467 632 2540 sunt;
656 2465 763 2527 deinde
787 2466 933 2542 quomodo
952 2467 1047 2528 altero
1071 2467 1149 2527 libro
1168 2467 1300 2528 liberam
1321 2471 1362 2531 da

188 2556 318 2618 fenderit
336 2554 524 2634 Chrysippus
543 2555 730 2616 voluntatem
749 2554 926 2616 ridebimus.

276 2645 442 2706 Pertritum
460 2647 508 2705 est
524 2644 601 2704 illud
620 2637 649 2705 εἰ
671 2640 712 2720 μὴ
735 2639 797 2720 γὰρ
815 2640 855 2722 ἦν
876 2639 1058 2720 Χρύειπποε
1076 2639 1135 2706 οὐκ
1159 2639 1199 2706 ἂν
1216 2641 1257 2722 ἦν
1285 2642 1364 2710 (roi

188 2740 219 2796 et
236 2737 340 2794 tamen
357 2732 571 2794 commentario
589 2733 718 2810 quodam
738 2735 817 2811 eget
851 2750 948 2812 neque
967 2735 1046 2794 enim
1066 2736 1171 2809 solnm,
1189 2754 1267 2811 quae
1289 2737 1364 2799 Zeno

188 2823 374 2885 indicaverat
391 2825 524 2898 tantum,
551 2823 725 2898 explanavit
744 2823 886 2899 auxitque
905 2826 996 2900 atque
1015 2825 1112 2884 multa
1130 2843 1205 2900 qnae
1223 2824 1278 2884 ille
1299 2828 1365 2888 omi·

189 2916 271 2974 serat
285 2911 394 2973 adiecit
408 2912 460 2971 ssd
474 2911 590 2988 aliquas
606 2910 756 2976 doctrinas
767 2914 821 2971 aut
834 2912 897 2988 ipse
911 2912 1043 2972 condidit
1056 2916 1110 2973 ant
1123 2913 1167 2972 ita
1180 2913 1366 2993 reformarit

73 3019 78 3028 ·
189 3007 225 3064 ut
242 3001 318 3063 nihil
336 3001 399 3062 fere
418 3000 478 3060 nisi
494 2999 616 3061 nomina
634 3018 653 3058 a
671 2999 789 3060 Zenone
812 3001 936 3062 inventa
957 3002 1111 3063 retineret.
1153 3023 1245 3061 unum
1266 3025 1366 3082 repre

189 3091 328 3154 hendisse
349 3088 525 3151 Cleanthem
542 3089 671 3166 ridetur,
692 3090 840 3151 Zenonem
859 3108 950 3169 seque
969 3090 1068 3168 ipsum
1086 3093 1241 3168 tamquam
1260 3114 1367 3157 vernn

188 3180 271 3242 illius
295 3176 492 3257 discipulum
499 3176 633 3239 defendit
655 3179 777 3257 proprio
801 3180 878 3241 libro
897 3176 970 3256 περὶ
988 3179 1047 3241 τοῦ
1065 3175 1180 3257 κυρίως
1198 3184 1368 3259 κεχρῆεθαι

190 3266 330 3346 Ζήνωνα
347 3268 416 3329 roi(
433 3260 838 3348 transmissumque
854 3269 1015 3348 Diog.VII
1033 3261 1124 3352 122):
1144 3289 1202 3348 quo
1222 3290 1258 3331 ex
1277 3274 1367 3335 titulo

190 3358 338 3436 probatur
355 3358 416 3418 iam
434 3358 472 3417 ab
491 3357 667 3435 aequalibus
681 3357 890 3436 impugnatum
904 3377 969 3420 esse
984 3357 1186 3436 Chrysippum
1205 3364 1240 3421 ut
1258 3378 1366 3425 καινο-

190 3446 366 3524 τομοῦντα,
389 3447 490 3524 ipsum
507 3466 567 3507 non
586 3447 773 3508 concessisse.
815 3451 920 3508 contra
937 3449 1066 3526 ingenue
1083 3467 1162 3509 nova
1181 3468 1212 3509 se
1231 3453 1367 3526 proferre

191 3538 344 3599 confessus
368 3539 414 3597 est
437 3535 629 3614 Posidonius,
654 3555 743 3615 quem
766 3555 834 3598 cum
858 3535 1027 3616 Chrysippo
1051 3537 1171 3599 videtur
1194 3558 1367 3615 comparare

192 3628 323 3688 Galenus
342 3617 389 3709 (π.
404 3624 470 3687 τῶν
484 3625 540 3701 τῆ(
555 3625 660 3702 ψυχῆς
678 3621 766 3701 ἠθῶν
780 3626 825 3686 IV
840 3628 902 3686 819
916 3618 972 3709 Κ);
991 3623 1108 3688 ἐκεῖνοι
1126 3624 1184 3702 μὲν
1203 3623 1264 3702 γὰρ
1281 3625 1365 3694 ἔπει-

192 3732 250 3777 ταν
273 3710 391 3776 αὐτοὺς
415 3707 547 3794 (αὑτοὺς
569 3707 699 3797 Vsener)
723 3713 782 3790 τὴν
805 3710 942 3791 πατρίδα
966 3714 1090 3791 μᾶλλον
1112 3713 1132 3792 ἢ
1156 3711 1196 3777 τὰ
1222 3713 1366 3794 δόγματα

191 3804 382 3880 προδοῦναι,
411 3799 628 3867 Ποεειδώνιοε
651 3801 769 3880 δὲτὴν
792 3802 859 3865 τῶν
886 3801 1033 3866 (Στωικῶν
1056 3800 1175 3881 αἵρεειν
1199 3805 1327 3880 μᾶλλον
1347 3807 1364 3885 ἢ

192 3891 251 3970 τὴν
270 3888 430 3970 ἀλήθειαν.
468 3894 570 3971 itaque
589 3896 643 3954 aut
661 3893 811 3954 doctrinas
826 3893 951 3954 retinuit
967 3894 1146 3972 nominaque
1166 3896 1302 3957 confudit
1322 3898 1364 3961 uel

192 3986 274 4044 certe
292 4002 353 4043 non
371 3982 488 4045 curavit·
506 3987 560 4043 aut
577 3983 730 4044 veteribus
749 3983 918 4044 nominibus
932 3985 1108 4044 inusitatam
1124 3984 1255 4045 obtrusit
1275 3987 1365 4065 signi·

192 4073 370 4135 ficationem.
415 4072 459 4132 ita
486 4066 675 4148 εἱμαρμένη(
702 4091 811 4133 nomen
843 4072 970 4135 retinuit
1000 4073 1128 4133 removit
1156 4075 1363 4137 necessitatem

193 4181 312 4224 caecam
326 4164 547 4240 astrologorum
561 4165 592 4222 et
606 4161 731 4222 Zenonis
745 4161 880 4239 nihilque
899 4163 1040 4222 docturus
1055 4166 1119 4223 erat
1134 4163 1192 4222 nisi
1207 4181 1362 4227 causarum

192 4271 302 4312 nexum
321 4252 551 4330 sempiternum3
570 4254 672 4312 tamen
688 4251 754 4329 ipse
769 4270 887 4328 quoque
901 4251 1060 4329 aliquando
1080 4245 1219 4327 ἀνάγκη(
1237 4256 1362 4332 nomine,

195 4342 320 4420 eiusque
338 4360 398 4402 non
417 4343 534 4402 tantum
553 4340 675 4421 logicae,
695 4360 768 4401 usus
788 4343 841 4401 est.
874 4361 933 4418 qua
951 4361 984 4402 re
1003 4360 1069 4401 cum
1088 4341 1179 4402 variis
1198 4343 1362 4405 fluctuanti·

190 4431 309 4508 bnsque
328 4428 453 4507 placitis
479 4428 662 4510 Chrysippus
686 4429 852 4491 doctrinam
879 4430 1117 4508 adumbraverit,
1145 4450 1199 4492 nos
1225 4434 1362 4495 certiores
