2856 4852
171 269 174 273 ’
203 259 269 325 ’124
663 256 795 313 Δίίιεάαι
813 256 934 315 θετοῖτοι

206 423 314 501 μένοις
328 419 443 484 ἅπαςιν
463 419 513 482 καὶ
533 418 636 482 οὕτως
656 420 824 498 χρωμένην
842 417 996 484 ἁπάντων
1014 422 1080 483 τῶν
1099 417 1205 483 ὄντων
1224 425 1263 503 τῇ
1284 418 1380 502 οἰκείᾳ

163 517 190 558 ³⁵
206 511 299 589 φύςει
326 508 408 586 πρὸς
435 510 493 586 τὴν
521 512 580 571 τοῦ
608 509 730 572 παντὸς
759 506 965 587 οἰκονομίαν.’
1015 509 1067 571 καὶ
1094 508 1225 585 τοιαύτη
1256 510 1316 586 μὲν
1339 507 1380 571 άις

205 598 257 662 διά
290 599 437 677 βραχέων
469 595 572 662 εἰπεῖν
598 597 618 675 ἡ
648 598 721 676 περὶ
749 602 805 677 τῆς
838 597 1025 676 εἱμαρμένης
1058 595 1117 660 ὑπ’
1145 596 1254 661 αὐτῶν
1288 618 1379 661 κατα-

207 687 383 775 βεβλημένη
408 684 493 751 δόξα.

276 797 292 844 2
312 793 403 845 αὐτῶ·
422 790 484 844 fort.
505 791 582 859 αυτῷ
656 796 671 844 θ
691 792 881 857 ςυνδεομὲνων
899 790 963 843 VA·
982 791 1187 856 ςυνδεδεμένων
1256 791 1381 858 ἀλληλοις

205 863 338 918 ἁπάντων
356 844 395 914 V·
415 861 548 917 ἁπάντων
567 862 694 929 ἀλλήλοις
712 861 738 915 Α
837 867 852 917 '1
871 863 1035 928 γινομένου·
1055 860 1119 917 fort.
1138 863 1293 928 γενομένου

207 939 240 988 10
259 935 421 988 ἀκολουθεῖν
440 932 502 985 VA·
522 933 721 987 ἐπακολουθεῖν
800 933 892 1000 πάντη
911 933 974 987 VA·
993 933 1076 987 πάντι
1155 934 1301 1002 γενομένῳ
1321 934 1380 987 VA·

204 1006 341 1074 γινομένῳ
430 1008 462 1057 11
482 1005 570 1058 αὐτοῦ
589 1005 617 1059 ἐξ
636 1003 702 1057 VA·
721 1005 749 1058 ἐξ
768 1005 856 1057 αὐτοῦ
876 1005 924 1058 ἐπ’
1010 1009 1042 1057 13
1062 1006 1210 1058 εἶναιτῶν
1228 1003 1293 1058 VA·
1314 1007 1382 1058 εἶναι

206 1081 238 1129 18
258 1077 360 1143 ἔχειΑ·
380 1074 474 1141 ἔχοιθ’
529 1081 562 1129 22
582 1076 703 1143 ἐνεργῶς
721 1076 839 1130 Veener·
859 1076 984 1142 ἐναργῶς
1038 1081 1073 1129 23
1092 1079 1192 1142 ςμῆνος
1210 1076 1265 1143 γὰρ
1285 1075 1380 1130 αἰτίων

205 1145 341 1201 Ceselius·
362 1147 448 1213 μηνὸς
467 1147 521 1214 γὰρ
540 1146 629 1201 αἴτιον
639 1145 690 1200 VA
736 1152 771 1200 24
789 1148 893 1200 ἐκτικά
915 1147 1047 1200 ἀκτικάῖῖ
1058 1145 1187 1200 ἐκτικάΑ
1236 1152 1272 1202 26
1287 1151 1306 1215 ἢ
1322 1149 1381 1214 τάμ-

203 1235 296 1273 παντα
311 1217 429 1271 Veener·
449 1216 488 1271 είς
500 1234 593 1272 ταντα
604 1217 637 1285 V,
655 1218 748 1273 πάντα
762 1217 796 1283 A,
815 1217 879 1272 ίοιί.
895 1218 940 1271 διά
958 1218 992 1271 τὸ
1010 1218 1102 1272 πάντα
1120 1217 1165 1271 vel
1185 1218 1223 1272 είς
1235 1220 1271 1272 τὸ
1290 1219 1382 1272 πάντα

210 1306 260 1343 ser.
280 1289 500 1356 παρατιθέμενον
515 1305 544 1341 κ·
563 1290 768 1356 παρατιθέμενα
786 1288 846 1356 VA,
866 1290 1103 1356 παρατιθεμένους
1156 1295 1190 1343 27
1210 1291 1245 1356 δὴ
1265 1287 1334 1343 VA·
1354 1291 1382 1343 δέ

206 1367 240 1415 30
259 1362 375 1426 ὁτὲμὲν
399 1361 430 1413 δὲ
453 1363 489 1427 μὴ
515 1361 605 1415 οὕτως
627 1360 784 1427 ςυμβαίνειν
803 1362 839 1414 Α·
864 1362 911 1414 ὸτέ
930 1362 961 1414 δε
980 1363 1016 1429 μὴ
1035 1363 1053 1428 ἢ
1073 1361 1122 1414 ὁτε
1141 1362 1171 1414 δε
1190 1378 1227 1427 μη
1247 1363 1343 1415 οὕτως
1361 1360 1384 1414 εἷ

204 1448 265 1486 πως
283 1431 421 1498 ςυμβαίνει
440 1430 474 1500 V,
494 1434 528 1499 δὴ
549 1429 637 1485 Orelli
656 1449 737 1499 quem
758 1448 846 1501 paene
866 1447 978 1500 sequor,
999 1432 1099 1486 οὑτωςί
1117 1447 1177 1486 πως
1197 1431 1305 1486 Vsener

294 1582 333 1639 id.
353 1580 390 1640 de
409 1600 456 1642 an.
475 1582 504 1641 Il
524 1602 551 1657 p.
574 1583 666 1642 159b
686 1581 769 1641 Ald.:
801 1575 934 1641 πάντων
957 1580 1023 1640 τῶν
1046 1577 1137 1641 ἐκτὸς
1160 1576 1420 1654 περιεςτώτωνῖί

207 1664 328 1743 ὁμοίων
351 1667 370 1744 ἢ
394 1665 496 1730 ταύτὰ
517 1665 695 1746 αἱρήςεςθαί
718 1685 789 1730 τινα
813 1667 859 1746 [ἢ]
885 1666 936 1730 καὶ
959 1665 1134 1745 πράξεινῆ
1163 1668 1201 1745 δὴ
1233 1664 1385 1730 ἀναιτίως

207 1753 328 1818 ἐςεςθαί
355 1773 397 1818 τι·
425 1755 552 1819 τούτων
580 1757 615 1819 δὲ
643 1755 681 1819 τὸ
710 1757 767 1832 μὲν
795 1752 945 1818 ἀναιτίως
971 1775 1001 1818 τι
1030 1754 1190 1832 γίγνεςθαι
1220 1753 1384 1819 ἀδύνατον

207 1841 302 1922 εἶναι,
330 1844 368 1907 τὸ
397 1846 432 1908 δὲ
461 1844 561 1908 ταύτὰ
584 1843 737 1922 αἱρεῖςθαι
760 1847 826 1907 τῶν
850 1843 958 1908 αὐτῶν
981 1845 1203 1922 περιεςτώτων
1227 1844 1384 1909 δεικτικὸν

180 1930 289 1996 τιεῖναι
312 1937 370 1997 τοῦ
393 1933 433 1997 τὰ
456 1934 547 1997 ἐκτὸς
570 1932 655 1996 αἴτια
678 1933 770 2011 κύρια
786 1936 853 1996 τῶν
872 1931 930 2013 ἐφ’
948 1933 1023 2011 ἡμῖν
1043 1934 1276 2012 πραττομένων
1297 1931 1383 1997 εἶναι.

278 2036 385 2103 τὸγὰρ
404 2037 493 2102 λέγειν
514 2036 646 2090 ’πάντων
668 2067 698 2075 -
719 2036 804 2089 εἶναι’
825 2037 877 2103 οὐχ
895 2038 978 2102 ὑγιές.
1051 2039 1132 2099 2καί
1149 2053 1179 2092 *¹
1198 2039 1216 2105 ἢ
1237 2040 1282 2091 καῖ
1302 2037 1329 2090 A

207 2109 279 2175 ἢδὴ
300 2109 346 2161 vel
364 2111 382 2175 ἢ
401 2123 431 2162 ιε·
450 2110 506 2175 ἤδη
524 2106 550 2160 A
621 2113 638 2161 δ
657 2108 708 2176 ἐφ’
725 2124 758 2162 *·
777 2108 833 2175 ὑφ’

295 2256 415 2318 Nemes.
429 2275 463 2316 π.
478 2252 604 2332 φύςεως
619 2251 706 2330 άνθρ.
722 2277 745 2318 ο.
765 2258 806 2317 35
827 2250 870 2337 (p.
892 2250 983 2338 139):
1003 2304 1009 2316 .
1029 2257 1122 2317 ,τῶν
1141 2251 1250 2318 αὐτῶν
1275 2252 1381 2317 αἰτίων
1391 2255 1418 2319 74

207 2341 460 2421 περιεςτηκότων
475 2338 534 2426 (ὥς
548 2362 644 2421 φαςιν
659 2338 766 2426 αὐτοί)
781 2345 865 2406 πᾶςα
879 2341 1000 2421 ἀνάγκη
1015 2342 1055 2405 τὰ
1074 2341 1156 2405 αὐτὰ
1174 2341 1317 2418 γίνεςθαι
1335 2342 1380 2406 καὶ

208 2430 268 2509 οὐχ
298 2429 369 2494 οἷόν
398 2452 432 2494 τε
457 2432 535 2495 ποτὲ
560 2431 618 2508 μέν
641 2431 727 2506 οὕτω
751 2433 831 2495 ποτὲ
855 2432 890 2495 δὲ
915 2429 1023 2496 ἄλλως
1045 2432 1191 2507 γενέςθαι
1215 2431 1268 2495 διὰ
1291 2432 1329 2496 τὸ
1351 2432 1380 2495 ἐξ

208 2519 326 2584 αἰῶνος
346 2519 449 2583 οὕτως
472 2517 753 2599 ἀποκεκληρῶςθαι
775 2518 866 2584 αὐτά.
916 2525 952 2584 ef.
976 2524 1055 2583 infre
1078 2523 1144 2585 τῶν
1169 2519 1278 2585 αὐτῶν
1298 2541 1379 2599 περι-

181 2607 387 2688 5εςτηκότων
410 2607 520 2675 αἰτίων
543 2607 664 2688 ἀνάγκη
688 2609 832 2674 τὰαύτὰ
855 2610 992 2675 ἐπεςθαι.

297 2702 382 2761 Alex.
402 2702 439 2762 de
457 2703 520 2763 ίοίο
540 2722 562 2763 e.
585 2706 625 2763 15
645 2697 687 2783 (p.
707 2705 749 2763 54
765 2697 828 2783 0.):
874 2699 1105 2778 ἐποχουμένων
1132 2703 1179 2781 τῷ
1203 2695 1289 2777 ἐἰδὴ
1318 2700 1380 2760 τῶν
1389 2695 1419 2762 ’ίίι

209 2786 316 2850 αὐτῶν
340 2787 562 2866 περιεςτώτων
585 2786 640 2851 ὁτὲ
665 2789 723 2867 μέν
746 2788 851 2852 οὕτως
873 2787 928 2852 ὁτὲ
953 2789 988 2851 δὲ
1012 2785 1119 2851 ἄλλως
1143 2787 1307 2866 ἐνεργήςει
1328 2806 1380 2863 τις,

208 2874 353 2940 ἀναίτιον
381 2876 499 2956 κίνηςιν
528 2876 716 2956 εἰςάγεςθαι,
745 2877 799 2940 διὰ
820 2875 934 2940 τοῦτο’
958 2877 1065 2952 λέγειν
1089 2873 1145 2954 *μὴ
1170 2876 1323 2941 δύναςθαι
1346 2873 1383 2940 οὗ

168 2976 181 3014 4
210 2963 321 3043 πράξει
344 2985 391 3028 τις
414 2969 530 3044 πράξαι
548 2966 586 3029 τὸ
610 2963 852 3043 ἀντικείμενον’.

279 3069 313 3123 τὸ
337 3070 367 3123 δ’
385 3070 583 3136 ἐποχουμένων
606 3075 648 3138 τῷ
668 3066 909 3133 -ἀντικείμενον
929 3108 935 3121 .
952 3108 975 3122 ..
994 3067 1205 3135 παρορωμὲνων
1228 3068 1328 3135 (timeo
1351 3085 1384 3123 ne

209 3139 265 3208 sit).
333 3146 346 3192 1
367 3141 564 3207 ἐποχουμένων
582 3146 637 3194 τιῖι·
657 3139 691 3193 ef.
712 3136 805 3192 Albin.
826 3155 849 3192 e.
868 3144 902 3192 26
922 3142 974 3208 (τῷ
994 3140 1117 3207 δυνατῷ)
1136 3140 1227 3206 ὥςπερ
1247 3141 1386 3208 ἐποχεῖται

208 3212 242 3264 τὸ
261 3211 312 3279 ἐφ’
330 3213 404 3279 ἡμῖν,
425 3212 473 3265 eed
493 3193 653 3266 Alexander
671 3211 706 3264 de
724 3209 885 3263 hominibus
906 3227 943 3263 ee.
963 3208 1065 3264 Stoicis
1083 3208 1195 3264 videtur
1213 3210 1352 3266 disserere

208 3288 250 3351 τῷ
269 3282 293 3335 εἰ
312 3284 345 3351 δὴ
366 3282 521 3337 Schwartz·
543 3299 585 3336 τω
604 3284 670 3336 ειδει
684 3281 721 3348 V,
740 3286 782 3350 τῷ
801 3280 905 3334 είδειΑ
923 3287 979 3350 τῷ,
998 3280 1023 3335 εἰ
1042 3279 1143 3347 Orelli;
1167 3281 1230 3337 fort.
1249 3284 1311 3337 tum
1332 3284 1351 3339 l.
1371 3276 1407 3336 θ’

210 3369 261 3408 ser.
281 3352 430 3420 είςάγεςθαι
448 3352 537 3426 <καί>

298 3505 338 3566 id.
357 3503 393 3564 de
408 3523 455 3563 en.
468 3503 499 3561 Il
519 3524 548 3579 p.
565 3504 627 3562 159
639 3522 658 3562 e
671 3503 754 3561 Ald.:
785 3497 831 3561 ἔτι
850 3499 886 3561 δὲ
906 3500 1029 3576 μᾶλλον
1049 3495 1200 3576 ἀποροῑτ’
1219 3498 1259 3564 ἂν
1278 3501 1410 3581 nosne?

211 3589 239 3653 εἰ
261 3591 360 3668 μηδὲν
384 3587 532 3652 ἀναιτίως
556 3586 687 3664 γίνοιτο.
719 3588 770 3650 καὶ
790 3586 869 3651 αὐτὸ
889 3585 1004 3651 άπαςιν
1024 3585 1136 3651 ἐδόκει.
1171 3592 1220 3653 δεῖ
1238 3589 1301 3668 γὰρ
1320 3595 1387 3656 τῶν

211 3679 264 3743 ἐπὶ
286 3683 346 3742 τοῦ
369 3675 531 3755 παρόντος
558 3673 618 3755 ὑφ’
640 3677 731 3755 ἡμῶν
753 3677 935 3754 γινομένων
958 3675 1179 3755 προϋπάρχειν
1202 3677 1240 3740 τὸ
1270 3677 1387 3744 αἴτιον·

211 3765 372 3830 ἀδύνατον
395 3765 431 3830 δέ
455 3765 519 3829 ἐςτι
541 3767 600 3844 τὴν
623 3765 724 3845 αὐτὴν
743 3765 848 3830 αἰτίαν
868 3763 1034 3830 εἶναιτῶν
1053 3762 1292 3844 ἀντικειμένων·
1317 3766 1389 3834 ἀλλ’

183 3855 239 3919 ἕνεί
265 3858 376 3933 τοῦτο,
404 3854 437 3920 ἐξ
466 3850 605 3933 ἀνάγκης
632 3853 739 3919 πάντα
765 3855 806 3918 τὰ
827 3854 1002 3933 γιγνόμενα
1025 3853 1158 3933 γίνεται,
1188 3860 1389 3939 προκαταθέ-

175 3999 180 4006 .
212 3947 323 4025 βληται
351 3943 412 4022 γάρ
441 3941 549 4009 αὐτῶν
577 3945 616 4007 τὰ
644 3942 741 4009 αἴτια·
773 3948 870 4008 τοῦτο
899 3946 935 4007 δέ
963 3942 1067 4007 οὕτως
1095 3941 1182 4021 ἔχειν
1210 3942 1389 4023 ἀναγκαῖόν

211 4034 302 4112 ἐςτιν,
326 4032 384 4097 ἐὰν
408 4033 448 4111 μή
471 4053 518 4096 τις
542 4030 683 4098 ἀναίτιος
707 4033 822 4112 κίνηςις
846 4031 968 4117 εὑρεθῇ.

301 4143 360 4204 Cic.
379 4145 416 4203 de
434 4144 497 4204 feto
521 4148 573 4221 12,
594 4147 635 4204 26
664 4145 832 4204 confectum
849 4144 1018 4219 negotium,
1045 4143 1071 4204 si
1089 4128 1208 4220 quide'm
1228 4147 1389 4208 eonceden-

211 4234 282 4335 dnm
297 4233 353 4293 tibi
369 4233 558 4309 (Οάνμωμρε)
573 4238 687 4294 οεῖάιιῖ
700 4234 763 4293 feto
778 4233 878 4292 omnin
891 4232 956 4292 fien’
971 4236 1025 4291 eut
1042 4234 1200 4309 quiequam
1219 4233 1285 4294 fieri
1300 4255 1388 4313 pesse

212 4342 275 4382 elne
294 4341 392 4383 eausa.

302 4430 332 4490 Si
357 4434 403 4491 est
425 4434 524 4491 motus
549 4429 612 4490 sine
636 4448 739 4507 eausa,
763 4448 823 4489 non
845 4429 941 4489 omnis
964 4430 1131 4490 enuntiatio
1151 4425 1245 4510 (qnod
1265 4425 1414 4508 ἀξίωμαί
