<?xml version="1.0" encoding="UTF-8"?>
<!DOCTYPE html PUBLIC "-//W3C//DTD XHTML 1.0 Transitional//EN"
    "http://www.w3.org/TR/xhtml1/DTD/xhtml1-transitional.dtd">
<html xmlns="http://www.w3.org/1999/xhtml" xml:lang="en" lang="en">
 <head>
  <title>
</title>
<meta http-equiv="Content-Type" content="text/html;charset=utf-8" />
  <meta name='ocr-system' content='tesseract 3.04.00' />
  <meta name='ocr-capabilities' content='ocr_page ocr_carea ocr_par ocr_line ocrx_word'/>
</head>
<body>
  <div class='ocr_page' id='page_1' title='image "./chrysippea00chrygoog_0088.png"; bbox 0 0 2856 4852; ppageno 0'>
   <div class='ocr_carea' id='block_1_1' title="bbox 623 192 1286 322">
    <p class='ocr_par' dir='ltr' id='par_1_1' title="bbox 623 192 1286 322">
     <span class='ocr_line' id='line_1_1' title="bbox 623 192 1286 322; baseline 0 -22"><span class='ocrx_word' id='word_1_1' title='bbox 623 243 776 302; x_wconf 74' lang='grc'><strong>11701009.</strong></span> <span class='ocrx_word' id='word_1_2' title='bbox 887 192 894 201; x_wconf 36' lang='lat'><em>·</em></span> <span class='ocrx_word' id='word_1_3' title='bbox 1224 256 1286 322; x_wconf 64' lang='grc' dir='ltr'>τῃ</span> 
     </span>
    </p>
   </div>
   <div class='ocr_carea' id='block_1_2' title="bbox 115 415 1296 4403">
    <p class='ocr_par' dir='ltr' id='par_1_2' title="bbox 115 415 1296 4403">
     <span class='ocr_line' id='line_1_2' title="bbox 764 415 1289 484; baseline 0.01 -16"><span class='ocrx_word' id='word_1_4' title='bbox 764 415 921 481; x_wconf 80' lang='grc' dir='ltr'>ἀνθρώποις</span> <span class='ocrx_word' id='word_1_5' title='bbox 941 420 983 468; x_wconf 93' lang='grc'>10.</span> <span class='ocrx_word' id='word_1_6' title='bbox 1020 420 1097 484; x_wconf 81' lang='grc' dir='ltr'>ψυχὴ</span> <span class='ocrx_word' id='word_1_7' title='bbox 1120 419 1223 472; x_wconf 84' lang='grc' dir='ltr'>έαυτού</span> <span class='ocrx_word' id='word_1_8' title='bbox 1243 422 1289 473; x_wconf 90' lang='grc' dir='ltr'>καί</span> 
     </span>
     <span class='ocr_line' id='line_1_3' title="bbox 764 488 1287 555; baseline 0.011 -16"><span class='ocrx_word' id='word_1_9' title='bbox 764 488 931 553; x_wconf 83' lang='grc' dir='ltr'>ἡγεμονικόν</span> <span class='ocrx_word' id='word_1_10' title='bbox 946 491 988 541; x_wconf 95' lang='grc'>12.</span> <span class='ocrx_word' id='word_1_11' title='bbox 1014 489 1031 540; x_wconf 91' lang='grc' dir='ltr'>δ</span> <span class='ocrx_word' id='word_1_12' title='bbox 1044 493 1096 542; x_wconf 88' lang='grc' dir='ltr'>τού</span> <span class='ocrx_word' id='word_1_13' title='bbox 1110 507 1135 543; x_wconf 93' lang='grc' dir='ltr'>κ.</span> <span class='ocrx_word' id='word_1_14' title='bbox 1149 490 1232 555; x_wconf 93' lang='grc' dir='ltr'>λ6γος</span> <span class='ocrx_word' id='word_1_15' title='bbox 1245 495 1287 545; x_wconf 87' lang='grc'><strong>49.</strong></span> 
     </span>
     <span class='ocr_line' id='line_1_4' title="bbox 737 559 1288 628; baseline 0.004 -16"><span class='ocrx_word' id='word_1_16' title='bbox 737 613 743 625; x_wconf 64' lang='grc'><strong>,</strong></span> <span class='ocrx_word' id='word_1_17' title='bbox 765 560 917 623; x_wconf 82' lang='grc' dir='ltr'>διεξάγεται</span> <span class='ocrx_word' id='word_1_18' title='bbox 936 559 1007 611; x_wconf 87' lang='grc' dir='ltr'>κατὰ</span> <span class='ocrx_word' id='word_1_19' title='bbox 1025 560 1111 624; x_wconf 84' lang='grc' dir='ltr'>λόγον</span> <span class='ocrx_word' id='word_1_20' title='bbox 1129 566 1172 613; x_wconf 93' lang='grc'>41.</span> <span class='ocrx_word' id='word_1_21' title='bbox 1199 565 1288 628; x_wconf 84' lang='grc' dir='ltr'>ἡτοθ</span> 
     </span>
     <span class='ocr_line' id='line_1_5' title="bbox 765 629 1289 699; baseline 0.01 -17"><span class='ocrx_word' id='word_1_22' title='bbox 765 647 788 683; x_wconf 89' lang='grc' dir='ltr'>κ.</span> <span class='ocrx_word' id='word_1_23' title='bbox 808 629 937 697; x_wconf 86' lang='grc' dir='ltr'>διοίκηςις</span> <span class='ocrx_word' id='word_1_24' title='bbox 956 633 998 683; x_wconf 80' lang='grc'>51.</span> <span class='ocrx_word' id='word_1_25' title='bbox 1024 632 1079 684; x_wconf 90' lang='grc' dir='ltr'>ύπύ</span> <span class='ocrx_word' id='word_1_26' title='bbox 1098 632 1207 699; x_wconf 89' lang='grc' dir='ltr'>φύςεως</span> <span class='ocrx_word' id='word_1_27' title='bbox 1225 634 1289 687; x_wconf 93' lang='grc' dir='ltr'>διοι-</span> 
     </span>
     <span class='ocr_line' id='line_1_6' title="bbox 765 705 1290 770; baseline 0.006 -16"><span class='ocrx_word' id='word_1_28' title='bbox 765 706 850 755; x_wconf 78' lang='grc' dir='ltr'>κεῖται</span> <span class='ocrx_word' id='word_1_29' title='bbox 883 705 999 770; x_wconf 83' lang='grc' dir='ltr'>ζιμτικῆς</span> <span class='ocrx_word' id='word_1_30' title='bbox 1029 705 1074 755; x_wconf 88' lang='grc' dir='ltr'>καί</span> <span class='ocrx_word' id='word_1_31' title='bbox 1106 705 1218 770; x_wconf 83' lang='grc' dir='ltr'>λογικῆς</span> <span class='ocrx_word' id='word_1_32' title='bbox 1245 707 1290 757; x_wconf 88' lang='grc' dir='ltr'>καί</span> 
     </span>
     <span class='ocr_line' id='line_1_7' title="bbox 764 771 1290 841; baseline 0.01 -17"><span class='ocrx_word' id='word_1_33' title='bbox 764 777 863 838; x_wconf 85' lang='grc' dir='ltr'>νοερᾶς</span> <span class='ocrx_word' id='word_1_34' title='bbox 882 777 929 841; x_wconf 99' lang='grc'><strong>72,</strong></span> <span class='ocrx_word' id='word_1_35' title='bbox 952 771 987 825; x_wconf 80' lang='lat' dir='ltr'>cf.</span> <span class='ocrx_word' id='word_1_36' title='bbox 1007 791 1033 841; x_wconf 88' lang='lat' dir='ltr'>p.</span> <span class='ocrx_word' id='word_1_37' title='bbox 1054 778 1113 828; x_wconf 86' lang='grc'><strong>694.</strong></span> <span class='ocrx_word' id='word_1_38' title='bbox 1153 774 1195 828; x_wconf 86' lang='grc' dir='ltr'>ἀεί</span> <span class='ocrx_word' id='word_1_39' title='bbox 1219 777 1290 829; x_wconf 79' lang='grc' dir='ltr'>κατὰ</span> 
     </span>
     <span class='ocr_line' id='line_1_8' title="bbox 766 843 1290 910; baseline 0.004 -13"><span class='ocrx_word' id='word_1_40' title='bbox 766 843 829 909; x_wconf 90' lang='grc' dir='ltr'>μίαν</span> <span class='ocrx_word' id='word_1_41' title='bbox 855 846 933 899; x_wconf 81' lang='grc' dir='ltr'>τάξιν</span> <span class='ocrx_word' id='word_1_42' title='bbox 961 847 1005 898; x_wconf 93' lang='grc' dir='ltr'>καί</span> <span class='ocrx_word' id='word_1_43' title='bbox 1033 844 1194 910; x_wconf 73' lang='grc' dir='ltr'>οἰκονομίαν</span> <span class='ocrx_word' id='word_1_44' title='bbox 1226 848 1290 899; x_wconf 85' lang='grc' dir='ltr'>διοι·</span> 
     </span>
     <span class='ocr_line' id='line_1_9' title="bbox 766 915 1289 972; baseline 0.008 -5"><span class='ocrx_word' id='word_1_45' title='bbox 766 920 851 968; x_wconf 91' lang='grc' dir='ltr'>κεῖται</span> <span class='ocrx_word' id='word_1_46' title='bbox 870 915 937 969; x_wconf 88' lang='grc'><strong>721.</strong></span> <span class='ocrx_word' id='word_1_47' title='bbox 955 922 995 970; x_wconf 86' lang='grc'>16.</span> <span class='ocrx_word' id='word_1_48' title='bbox 1020 916 1060 971; x_wconf 82' lang='grc' dir='ltr'>εἷς</span> <span class='ocrx_word' id='word_1_49' title='bbox 1074 922 1098 970; x_wconf 91' lang='grc'><strong>7.</strong></span> <span class='ocrx_word' id='word_1_50' title='bbox 1114 921 1147 971; x_wconf 93' lang='grc'><strong>72</strong></span> <span class='ocrx_word' id='word_1_51' title='bbox 1161 916 1213 971; x_wconf 80' lang='grc' dir='ltr'>δίο.</span> <span class='ocrx_word' id='word_1_52' title='bbox 1237 922 1289 972; x_wconf 87' lang='grc' dir='ltr'>τού</span> 
     </span>
     <span class='ocr_line' id='line_1_10' title="bbox 766 989 1290 1055; baseline 0.006 -17"><span class='ocrx_word' id='word_1_53' title='bbox 766 1003 789 1039; x_wconf 94' lang='grc' dir='ltr'>κ.</span> <span class='ocrx_word' id='word_1_54' title='bbox 809 989 903 1041; x_wconf 83' lang='grc' dir='ltr'>ἕνωςις</span> <span class='ocrx_word' id='word_1_55' title='bbox 917 993 960 1042; x_wconf 83' lang='grc'><strong>03.</strong></span> <span class='ocrx_word' id='word_1_56' title='bbox 989 989 1073 1042; x_wconf 87' lang='grc' dir='ltr'>ούτος</span> <span class='ocrx_word' id='word_1_57' title='bbox 1090 989 1106 1041; x_wconf 92' lang='grc' dir='ltr'>δ</span> <span class='ocrx_word' id='word_1_58' title='bbox 1125 1005 1158 1055; x_wconf 93' lang='grc' dir='ltr'>κ.,</span> <span class='ocrx_word' id='word_1_59' title='bbox 1178 989 1230 1041; x_wconf 90' lang='grc' dir='ltr'>ούκ</span> <span class='ocrx_word' id='word_1_60' title='bbox 1248 989 1290 1042; x_wconf 90' lang='grc' dir='ltr'>έν-</span> 
     </span>
     <span class='ocr_line' id='line_1_11' title="bbox 767 1058 1291 1123; baseline 0.008 -14"><span class='ocrx_word' id='word_1_61' title='bbox 767 1058 875 1123; x_wconf 85' lang='grc' dir='ltr'>δέχεται</span> <span class='ocrx_word' id='word_1_62' title='bbox 889 1061 959 1113; x_wconf 78' lang='grc' dir='ltr'>εἶναι</span> <span class='ocrx_word' id='word_1_63' title='bbox 973 1061 1074 1113; x_wconf 87' lang='grc' dir='ltr'>ἀλλους</span> <span class='ocrx_word' id='word_1_64' title='bbox 1087 1077 1111 1113; x_wconf 91' lang='grc' dir='ltr'>κ.</span> <span class='ocrx_word' id='word_1_65' title='bbox 1127 1064 1170 1113; x_wconf 86' lang='grc'>23.</span> <span class='ocrx_word' id='word_1_66' title='bbox 1198 1060 1291 1113; x_wconf 87' lang='grc' dir='ltr'>πάντα</span> 
     </span>
     <span class='ocr_line' id='line_1_12' title="bbox 766 1129 1289 1200; baseline 0.01 -20"><span class='ocrx_word' id='word_1_67' title='bbox 766 1129 797 1180; x_wconf 87' lang='grc' dir='ltr'>ἐν</span> <span class='ocrx_word' id='word_1_68' title='bbox 820 1130 897 1199; x_wconf 77' lang='grc' dir='ltr'>αύτῷ</span> <span class='ocrx_word' id='word_1_69' title='bbox 919 1132 1038 1199; x_wconf 80' lang='grc' dir='ltr'>περιέχει</span> <span class='ocrx_word' id='word_1_70' title='bbox 1056 1136 1099 1185; x_wconf 91' lang='grc'>72.</span> <span class='ocrx_word' id='word_1_71' title='bbox 1135 1131 1171 1185; x_wconf 91' lang='grc' dir='ltr'>τά</span> <span class='ocrx_word' id='word_1_72' title='bbox 1195 1132 1226 1185; x_wconf 90' lang='grc' dir='ltr'>ἐν</span> <span class='ocrx_word' id='word_1_73' title='bbox 1248 1137 1289 1200; x_wconf 81' lang='grc' dir='ltr'>τῷ</span> 
     </span>
     <span class='ocr_line' id='line_1_13' title="bbox 766 1201 1291 1268; baseline 0.01 -17"><span class='ocrx_word' id='word_1_74' title='bbox 766 1216 790 1251; x_wconf 92' lang='grc' dir='ltr'>κ.</span> <span class='ocrx_word' id='word_1_75' title='bbox 810 1205 852 1253; x_wconf 90' lang='grc'>72.</span> <span class='ocrx_word' id='word_1_76' title='bbox 880 1201 1006 1265; x_wconf 89' lang='grc' dir='ltr'>γίνονται</span> <span class='ocrx_word' id='word_1_77' title='bbox 1023 1203 1078 1256; x_wconf 88' lang='grc' dir='ltr'>ὑπὸ</span> <span class='ocrx_word' id='word_1_78' title='bbox 1097 1208 1148 1267; x_wconf 79' lang='grc' dir='ltr'>τῆς</span> <span class='ocrx_word' id='word_1_79' title='bbox 1165 1202 1291 1268; x_wconf 82' lang='grc' dir='ltr'>εἱμαρμέ-</span> 
     </span>
     <span class='ocr_line' id='line_1_14' title="bbox 765 1274 1290 1341; baseline 0.01 -19"><span class='ocrx_word' id='word_1_80' title='bbox 765 1286 816 1336; x_wconf 91' lang='grc' dir='ltr'>νης</span> <span class='ocrx_word' id='word_1_81' title='bbox 838 1274 954 1339; x_wconf 88' lang='grc' dir='ltr'>κινήςεις</span> <span class='ocrx_word' id='word_1_82' title='bbox 976 1277 1021 1327; x_wconf 92' lang='grc' dir='ltr'>καί</span> <span class='ocrx_word' id='word_1_83' title='bbox 1044 1275 1177 1341; x_wconf 80' lang='grc' dir='ltr'>ἐνέργειαι</span> <span class='ocrx_word' id='word_1_84' title='bbox 1199 1274 1290 1341; x_wconf 80' lang='grc' dir='ltr'>ἐντῷ</span> 
     </span>
     <span class='ocr_line' id='line_1_15' title="bbox 765 1343 1290 1411; baseline 0.01 -18"><span class='ocrx_word' id='word_1_85' title='bbox 765 1358 790 1393; x_wconf 92' lang='grc' dir='ltr'>κ.</span> <span class='ocrx_word' id='word_1_86' title='bbox 810 1343 855 1395; x_wconf 92' lang='grc' dir='ltr'>διά</span> <span class='ocrx_word' id='word_1_87' title='bbox 874 1384 903 1396; x_wconf 90' lang='grc'>..</span> <span class='ocrx_word' id='word_1_88' title='bbox 924 1349 974 1397; x_wconf 91' lang='grc'>112</span> <span class='ocrx_word' id='word_1_89' title='bbox 993 1343 1011 1396; x_wconf 92' lang='grc'>1.</span> <span class='ocrx_word' id='word_1_90' title='bbox 1028 1349 1070 1399; x_wconf 92' lang='grc'>31.</span> <span class='ocrx_word' id='word_1_91' title='bbox 1099 1347 1150 1398; x_wconf 89' lang='grc' dir='ltr'>ούκ</span> <span class='ocrx_word' id='word_1_92' title='bbox 1169 1345 1290 1411; x_wconf 89' lang='grc' dir='ltr'>ἀποθνή-</span> 
     </span>
     <span class='ocr_line' id='line_1_16' title="bbox 766 1416 1291 1484; baseline 0.01 -19"><span class='ocrx_word' id='word_1_93' title='bbox 766 1428 820 1466; x_wconf 92' lang='grc' dir='ltr'>ςκει</span> <span class='ocrx_word' id='word_1_94' title='bbox 839 1417 864 1467; x_wconf 82' lang='lat'>5.</span> <span class='ocrx_word' id='word_1_95' title='bbox 902 1417 987 1481; x_wconf 86' lang='grc' dir='ltr'>μόνος</span> <span class='ocrx_word' id='word_1_96' title='bbox 1010 1417 1151 1484; x_wconf 79' lang='grc' dir='ltr'>αὐτάρκης</span> <span class='ocrx_word' id='word_1_97' title='bbox 1169 1421 1194 1470; x_wconf 85' lang='grc'><strong>6.</strong></span> <span class='ocrx_word' id='word_1_98' title='bbox 1230 1416 1291 1483; x_wconf 89' lang='grc' dir='ltr'>τρέ-</span> 
     </span>
     <span class='ocr_line' id='line_1_17' title="bbox 766 1486 1290 1550; baseline 0.006 -13"><span class='ocrx_word' id='word_1_99' title='bbox 766 1500 849 1550; x_wconf 89' lang='grc' dir='ltr'>φεται</span> <span class='ocrx_word' id='word_1_100' title='bbox 881 1486 908 1540; x_wconf 89' lang='grc' dir='ltr'>ἐξ</span> <span class='ocrx_word' id='word_1_101' title='bbox 942 1488 1029 1540; x_wconf 87' lang='grc' dir='ltr'>αύτοθ</span> <span class='ocrx_word' id='word_1_102' title='bbox 1057 1490 1102 1541; x_wconf 85' lang='grc' dir='ltr'>καί</span> <span class='ocrx_word' id='word_1_103' title='bbox 1130 1489 1241 1541; x_wconf 87' lang='grc' dir='ltr'>αὔξεται</span> <span class='ocrx_word' id='word_1_104' title='bbox 1266 1492 1290 1540; x_wconf 87' lang='grc' dir='ltr'>θ,</span> 
     </span>
     <span class='ocr_line' id='line_1_18' title="bbox 766 1556 1292 1625; baseline 0.008 -17"><span class='ocrx_word' id='word_1_105' title='bbox 766 1556 835 1621; x_wconf 86' lang='grc' dir='ltr'>μήτε</span> <span class='ocrx_word' id='word_1_106' title='bbox 850 1557 961 1611; x_wconf 84' lang='grc' dir='ltr'>αὔξεται</span> <span class='ocrx_word' id='word_1_107' title='bbox 976 1560 1046 1625; x_wconf 85' lang='grc' dir='ltr'>μήτε</span> <span class='ocrx_word' id='word_1_108' title='bbox 1056 1564 1180 1624; x_wconf 76' lang='grc' dir='ltr'>μειοῦται</span> <span class='ocrx_word' id='word_1_109' title='bbox 1190 1564 1214 1612; x_wconf 88' lang='grc'>6.</span> <span class='ocrx_word' id='word_1_110' title='bbox 1233 1565 1292 1612; x_wconf 88' lang='grc' dir='ltr'>τοῖς</span> 
     </span>
     <span class='ocr_line' id='line_1_19' title="bbox 766 1627 1292 1696; baseline 0.011 -17"><span class='ocrx_word' id='word_1_111' title='bbox 766 1627 855 1693; x_wconf 89' lang='grc' dir='ltr'>μέρεςι</span> <span class='ocrx_word' id='word_1_112' title='bbox 881 1629 1088 1696; x_wconf 76' lang='grc' dir='ltr'>παρεκτείνεται</span> <span class='ocrx_word' id='word_1_113' title='bbox 1115 1633 1160 1682; x_wconf 91' lang='grc' dir='ltr'>καί</span> <span class='ocrx_word' id='word_1_114' title='bbox 1188 1631 1292 1684; x_wconf 86' lang='grc' dir='ltr'>ςυςτέλ-</span> 
     </span>
     <span class='ocr_line' id='line_1_20' title="bbox 765 1700 1293 1767; baseline 0.009 -18"><span class='ocrx_word' id='word_1_115' title='bbox 765 1700 842 1750; x_wconf 89' lang='grc' dir='ltr'>λεται</span> <span class='ocrx_word' id='word_1_116' title='bbox 862 1707 886 1754; x_wconf 83' lang='grc'><strong>6.</strong></span> <span class='ocrx_word' id='word_1_117' title='bbox 922 1702 1055 1767; x_wconf 84' lang='grc' dir='ltr'>πυρώδης</span> <span class='ocrx_word' id='word_1_118' title='bbox 1074 1702 1237 1766; x_wconf 80' lang='grc' dir='ltr'>μεταβάλλει</span> <span class='ocrx_word' id='word_1_119' title='bbox 1255 1701 1293 1754; x_wconf 87' lang='grc' dir='ltr'>είς</span> 
     </span>
     <span class='ocr_line' id='line_1_21' title="bbox 765 1769 1292 1838; baseline 0.008 -17"><span class='ocrx_word' id='word_1_120' title='bbox 765 1769 799 1821; x_wconf 87' lang='grc' dir='ltr'>τὸ</span> <span class='ocrx_word' id='word_1_121' title='bbox 818 1770 905 1838; x_wconf 90' lang='grc' dir='ltr'>ύγρδν</span> <span class='ocrx_word' id='word_1_122' title='bbox 924 1774 969 1829; x_wconf 78' lang='grc' dir='ltr'>καί</span> <span class='ocrx_word' id='word_1_123' title='bbox 982 1775 1035 1838; x_wconf 87' lang='grc' dir='ltr'>τὴν</span> <span class='ocrx_word' id='word_1_124' title='bbox 1048 1773 1143 1838; x_wconf 88' lang='grc' dir='ltr'>ψυχήν</span> <span class='ocrx_word' id='word_1_125' title='bbox 1158 1779 1199 1826; x_wconf 92' lang='grc'>12.</span> <span class='ocrx_word' id='word_1_126' title='bbox 1228 1774 1292 1827; x_wconf 77' lang='lat' dir='ltr'>add.</span> 
     </span>
     <span class='ocr_line' id='line_1_22' title="bbox 765 1840 1293 1910; baseline 0.009 -19"><span class='ocrx_word' id='word_1_127' title='bbox 765 1840 816 1892; x_wconf 90' lang='grc' dir='ltr'>τὸν</span> <span class='ocrx_word' id='word_1_128' title='bbox 840 1860 864 1895; x_wconf 87' lang='grc' dir='ltr'>κ.</span> <span class='ocrx_word' id='word_1_129' title='bbox 884 1843 1080 1910; x_wconf 85' lang='grc' dir='ltr'>ἐκπυρωθέντα</span> <span class='ocrx_word' id='word_1_130' title='bbox 1103 1885 1109 1896; x_wconf 95' lang='grc'><strong>.</strong></span> <span class='ocrx_word' id='word_1_131' title='bbox 1131 1885 1136 1896; x_wconf 92' lang='grc'><strong>.</strong></span> <span class='ocrx_word' id='word_1_132' title='bbox 1162 1844 1293 1909; x_wconf 75' lang='grc' dir='ltr'>μεταβάλ</span> 
     </span>
     <span class='ocr_line' id='line_1_23' title="bbox 767 1912 1293 1983; baseline 0.01 -21"><span class='ocrx_word' id='word_1_133' title='bbox 767 1912 824 1963; x_wconf 92' lang='grc' dir='ltr'>λειν</span> <span class='ocrx_word' id='word_1_134' title='bbox 840 1955 845 1966; x_wconf 90' lang='grc'><strong>.</strong></span> <span class='ocrx_word' id='word_1_135' title='bbox 862 1955 867 1966; x_wconf 94' lang='grc'><strong>.</strong></span> <span class='ocrx_word' id='word_1_136' title='bbox 883 1913 920 1967; x_wconf 85' lang='grc' dir='ltr'>εἰς</span> <span class='ocrx_word' id='word_1_137' title='bbox 939 1915 1029 1983; x_wconf 83' lang='grc' dir='ltr'>αὐγήν</span> <span class='ocrx_word' id='word_1_138' title='bbox 1045 1956 1050 1966; x_wconf 97' lang='grc'><strong>.</strong></span> <span class='ocrx_word' id='word_1_139' title='bbox 1067 1956 1072 1967; x_wconf 93' lang='grc'><strong>.</strong></span> <span class='ocrx_word' id='word_1_140' title='bbox 1089 1915 1127 1967; x_wconf 85' lang='grc' dir='ltr'>ὡς</span> <span class='ocrx_word' id='word_1_141' title='bbox 1146 1916 1161 1967; x_wconf 85' lang='grc' dir='ltr'>ὁ</span> <span class='ocrx_word' id='word_1_142' title='bbox 1180 1915 1293 1982; x_wconf 89' lang='grc' dir='ltr'>Χρύςιπ-</span> 
     </span>
     <span class='ocr_line' id='line_1_24' title="bbox 766 1983 1291 2055; baseline 0.008 -21"><span class='ocrx_word' id='word_1_143' title='bbox 766 1998 819 2036; x_wconf 88' lang='grc' dir='ltr'>ποε</span> <span class='ocrx_word' id='word_1_144' title='bbox 837 1983 942 2055; x_wconf 92' lang='lat' dir='ltr'><strong>[Philo]</strong></span> <span class='ocrx_word' id='word_1_145' title='bbox 961 2003 990 2039; x_wconf 90' lang='grc' dir='ltr'>π.</span> <span class='ocrx_word' id='word_1_146' title='bbox 1010 1985 1077 2052; x_wconf 89' lang='grc' dir='ltr'>ἀφθ.</span> <span class='ocrx_word' id='word_1_147' title='bbox 1098 2002 1121 2037; x_wconf 95' lang='grc' dir='ltr'>κ.</span> <span class='ocrx_word' id='word_1_148' title='bbox 1141 2003 1168 2053; x_wconf 90' lang='grc' dir='ltr'>ρ.</span> <span class='ocrx_word' id='word_1_149' title='bbox 1186 1991 1246 2053; x_wconf 80' lang='grc'><strong>254,</strong></span> <span class='ocrx_word' id='word_1_150' title='bbox 1266 1991 1291 2039; x_wconf 88' lang='lat'>8.</span> 
     </span>
     <span class='ocr_line' id='line_1_25' title="bbox 118 2055 1292 2126; baseline 0 -15"><span class='ocrx_word' id='word_1_151' title='bbox 118 2059 291 2125; x_wconf 88' lang='grc' dir='ltr'>κεραυνός.</span> <span class='ocrx_word' id='word_1_152' title='bbox 307 2057 482 2126; x_wconf 78' lang='lat' dir='ltr'>procuranda</span> <span class='ocrx_word' id='word_1_153' title='bbox 495 2055 615 2110; x_wconf 84' lang='lat' dir='ltr'><strong>fulmina</strong></span> <span class='ocrx_word' id='word_1_154' title='bbox 626 2061 677 2110; x_wconf 90' lang='grc'>120</span> <span class='ocrx_word' id='word_1_155' title='bbox 767 2058 823 2120; x_wconf 89' lang='grc' dir='ltr'>πθρ</span> <span class='ocrx_word' id='word_1_156' title='bbox 836 2061 888 2109; x_wconf 85' lang='grc' dir='ltr'>τού</span> <span class='ocrx_word' id='word_1_157' title='bbox 903 2057 1051 2122; x_wconf 86' lang='grc' dir='ltr'>μέλλοντος</span> <span class='ocrx_word' id='word_1_158' title='bbox 1065 2058 1254 2110; x_wconf 87' lang='grc' dir='ltr'>ἀποτελεῑςθαι</span> <span class='ocrx_word' id='word_1_159' title='bbox 1269 2074 1292 2112; x_wconf 94' lang='grc' dir='ltr'>κ.</span> 
     </span>
     <span class='ocr_line' id='line_1_26' title="bbox 117 2125 1292 2197; baseline -0.002 -14"><span class='ocrx_word' id='word_1_160' title='bbox 117 2125 676 2197; x_wconf 66' lang='lat' dir='ltr'><strong>neq)aiil.tenuissimisminutisqueossi·</strong></span> <span class='ocrx_word' id='word_1_161' title='bbox 767 2126 1292 2194; x_wconf 77' lang='grc' dir='ltr'>ςπέρμα16.αάά.Αιιιοδ.αάν.οαίι.119</span> 
     </span>
     <span class='ocr_line' id='line_1_27' title="bbox 151 2197 1293 2268; baseline -0.004 -13"><span class='ocrx_word' id='word_1_162' title='bbox 151 2199 222 2255; x_wconf 80' lang='lat' dir='ltr'><strong>culis</strong></span> <span class='ocrx_word' id='word_1_163' title='bbox 238 2201 324 2268; x_wconf 76' lang='lat' dir='ltr'>caput</span> <span class='ocrx_word' id='word_1_164' title='bbox 337 2199 484 2252; x_wconf 88' lang='lat' dir='ltr'><strong>hominum</strong></span> <span class='ocrx_word' id='word_1_165' title='bbox 499 2202 676 2267; x_wconf 76' lang='lat' dir='ltr'><strong>compactum</strong></span> <span class='ocrx_word' id='word_1_166' title='bbox 732 2200 869 2251; x_wconf 81' lang='grc' dir='ltr'>κτᾶςθαι</span> <span class='ocrx_word' id='word_1_167' title='bbox 884 2199 984 2267; x_wconf 89' lang='grc' dir='ltr'>ἀρετάς</span> <span class='ocrx_word' id='word_1_168' title='bbox 1000 2197 1082 2252; x_wconf 92' lang='grc'><strong>1291.</strong></span> <span class='ocrx_word' id='word_1_169' title='bbox 1098 2204 1141 2266; x_wconf 77' lang='lat'>56,</span> <span class='ocrx_word' id='word_1_170' title='bbox 1157 2205 1200 2253; x_wconf 88' lang='lat'>83.</span> <span class='ocrx_word' id='word_1_171' title='bbox 1218 2201 1293 2266; x_wconf 88' lang='grc' dir='ltr'>πρω-</span> 
     </span>
     <span class='ocr_line' id='line_1_28' title="bbox 152 2269 1124 2338; baseline -0.003 -13"><span class='ocrx_word' id='word_1_172' title='bbox 152 2273 196 2325; x_wconf 77' lang='lat' dir='ltr'>esi</span> <span class='ocrx_word' id='word_1_173' title='bbox 215 2276 249 2325; x_wconf 88' lang='grc'><strong>28</strong></span> <span class='ocrx_word' id='word_1_174' title='bbox 766 2283 817 2322; x_wconf 86' lang='grc' dir='ltr'>τας</span> <span class='ocrx_word' id='word_1_175' title='bbox 834 2270 885 2323; x_wconf 85' lang='grc' dir='ltr'>τὰς</span> <span class='ocrx_word' id='word_1_176' title='bbox 904 2273 971 2325; x_wconf 82' lang='grc' dir='ltr'>ἕξεις</span> <span class='ocrx_word' id='word_1_177' title='bbox 988 2269 1008 2323; x_wconf 94' lang='lat' dir='ltr'>l.</span> <span class='ocrx_word' id='word_1_178' title='bbox 1028 2276 1069 2338; x_wconf 93' lang='grc'>77,</span> <span class='ocrx_word' id='word_1_179' title='bbox 1090 2276 1124 2324; x_wconf 89' lang='grc'>80</span> 
     </span>
     <span class='ocr_line' id='line_1_29' title="bbox 116 2341 1293 2410; baseline -0.001 -14"><span class='ocrx_word' id='word_1_180' title='bbox 116 2341 304 2410; x_wconf 82' lang='grc' dir='ltr'>κηδεμονία</span> <span class='ocrx_word' id='word_1_181' title='bbox 323 2343 354 2394; x_wconf 89' lang='grc' dir='ltr'>ἐκ</span> <span class='ocrx_word' id='word_1_182' title='bbox 373 2345 446 2395; x_wconf 80' lang='grc' dir='ltr'>θεῶν</span> <span class='ocrx_word' id='word_1_183' title='bbox 465 2347 499 2395; x_wconf 98' lang='grc'>90</span> <span class='ocrx_word' id='word_1_184' title='bbox 732 2342 844 2404; x_wconf 87' lang='grc' dir='ltr'>κτῆςις</span> <span class='ocrx_word' id='word_1_185' title='bbox 858 2342 979 2408; x_wconf 81' lang='grc' dir='ltr'>ἐφ’ἡμῖν</span> <span class='ocrx_word' id='word_1_186' title='bbox 993 2343 1065 2395; x_wconf 88' lang='grc' dir='ltr'>ἐςτιν</span> <span class='ocrx_word' id='word_1_187' title='bbox 1079 2344 1096 2407; x_wconf 86' lang='grc' dir='ltr'>ἡ</span> <span class='ocrx_word' id='word_1_188' title='bbox 1110 2345 1169 2394; x_wconf 81' lang='grc' dir='ltr'>τῶν</span> <span class='ocrx_word' id='word_1_189' title='bbox 1184 2341 1293 2408; x_wconf 80' lang='grc' dir='ltr'>ἀρετῶν</span> 
     </span>
     <span class='ocr_line' id='line_1_30' title="bbox 115 2410 1293 2481; baseline 0 -13"><span class='ocrx_word' id='word_1_190' title='bbox 115 2414 341 2481; x_wconf 87' lang='grc' dir='ltr'>κηδεμονικὸς</span> <span class='ocrx_word' id='word_1_191' title='bbox 359 2415 374 2466; x_wconf 88' lang='grc' dir='ltr'>δ</span> <span class='ocrx_word' id='word_1_192' title='bbox 394 2414 491 2467; x_wconf 88' lang='grc' dir='ltr'>θεάς2</span> <span class='ocrx_word' id='word_1_193' title='bbox 768 2426 791 2464; x_wconf 89' lang='grc' dir='ltr'>κ.</span> <span class='ocrx_word' id='word_1_194' title='bbox 808 2417 858 2466; x_wconf 91' lang='grc'>129</span> <span class='ocrx_word' id='word_1_195' title='bbox 878 2410 896 2465; x_wconf 94' lang='lat' dir='ltr'>l.</span> <span class='ocrx_word' id='word_1_196' title='bbox 912 2418 953 2467; x_wconf 91' lang='grc'><strong>47.</strong></span> <span class='ocrx_word' id='word_1_197' title='bbox 982 2414 1027 2466; x_wconf 84' lang='grc' dir='ltr'>ἐπί</span> <span class='ocrx_word' id='word_1_198' title='bbox 1045 2413 1137 2479; x_wconf 88' lang='grc' dir='ltr'>κτὴεει</span> <span class='ocrx_word' id='word_1_199' title='bbox 1154 2417 1213 2465; x_wconf 86' lang='grc' dir='ltr'>τιῖιν</span> <span class='ocrx_word' id='word_1_200' title='bbox 1232 2413 1293 2480; x_wconf 91' lang='grc' dir='ltr'>ἀρε-</span> 
     </span>
     <span class='ocr_line' id='line_1_31' title="bbox 115 2483 1294 2555; baseline 0 -17"><span class='ocrx_word' id='word_1_201' title='bbox 115 2487 178 2553; x_wconf 84' lang='grc' dir='ltr'>κὴρ</span> <span class='ocrx_word' id='word_1_202' title='bbox 198 2484 303 2555; x_wconf 89' lang='lat' dir='ltr'><strong>(Hom.)</strong></span> <span class='ocrx_word' id='word_1_203' title='bbox 323 2489 357 2536; x_wconf 83' lang='lat'>35</span> <span class='ocrx_word' id='word_1_204' title='bbox 438 2530 441 2535; x_wconf 74' lang='grc'>,</span> <span class='ocrx_word' id='word_1_205' title='bbox 766 2488 825 2536; x_wconf 84' lang='grc' dir='ltr'>τῶν</span> <span class='ocrx_word' id='word_1_206' title='bbox 844 2484 1030 2549; x_wconf 83' lang='grc' dir='ltr'>ἐπαινούμεθα</span> <span class='ocrx_word' id='word_1_207' title='bbox 1050 2488 1109 2536; x_wconf 92' lang='grc'><strong>132.</strong></span> <span class='ocrx_word' id='word_1_208' title='bbox 1143 2485 1194 2536; x_wconf 95' lang='grc' dir='ltr'>ούκ</span> <span class='ocrx_word' id='word_1_209' title='bbox 1213 2483 1294 2550; x_wconf 86' lang='grc' dir='ltr'>ἀςύμ·</span> 
     </span>
     <span class='ocr_line' id='line_1_32' title="bbox 115 2554 1295 2624; baseline -0.001 -14"><span class='ocrx_word' id='word_1_210' title='bbox 115 2556 245 2623; x_wconf 91' lang='grc' dir='ltr'>κίνηςις</span> <span class='ocrx_word' id='word_1_211' title='bbox 261 2560 320 2608; x_wconf 85' lang='grc'><strong>141.</strong></span> <span class='ocrx_word' id='word_1_212' title='bbox 344 2557 399 2608; x_wconf 86' lang='grc' dir='ltr'>ἐςτι</span> <span class='ocrx_word' id='word_1_213' title='bbox 413 2572 453 2608; x_wconf 91' lang='grc' dir='ltr'>τις</span> <span class='ocrx_word' id='word_1_214' title='bbox 467 2557 512 2608; x_wconf 88' lang='grc' dir='ltr'>καί</span> <span class='ocrx_word' id='word_1_215' title='bbox 525 2561 584 2608; x_wconf 88' lang='grc' dir='ltr'>τοῖς</span> <span class='ocrx_word' id='word_1_216' title='bbox 597 2557 678 2624; x_wconf 85' lang='grc' dir='ltr'>ζῴοις</span> <span class='ocrx_word' id='word_1_217' title='bbox 769 2554 849 2615; x_wconf 90' lang='grc' dir='ltr'>βολος</span> <span class='ocrx_word' id='word_1_218' title='bbox 867 2558 884 2621; x_wconf 86' lang='grc' dir='ltr'>ἡ</span> <span class='ocrx_word' id='word_1_219' title='bbox 905 2557 984 2622; x_wconf 88' lang='grc' dir='ltr'>φύςιε</span> <span class='ocrx_word' id='word_1_220' title='bbox 1002 2561 1043 2623; x_wconf 79' lang='grc' dir='ltr'>τῷ</span> <span class='ocrx_word' id='word_1_221' title='bbox 1065 2556 1206 2623; x_wconf 84' lang='grc' dir='ltr'>ἀνθρώπῳ</span> <span class='ocrx_word' id='word_1_222' title='bbox 1224 2557 1295 2622; x_wconf 87' lang='grc' dir='ltr'>πρὸς</span> 
     </span>
     <span class='ocr_line' id='line_1_33' title="bbox 150 2624 1293 2693; baseline 0 -12"><span class='ocrx_word' id='word_1_223' title='bbox 150 2646 175 2681; x_wconf 93' lang='grc' dir='ltr'>κ.</span> <span class='ocrx_word' id='word_1_224' title='bbox 199 2628 271 2681; x_wconf 90' lang='grc' dir='ltr'>κατὰ</span> <span class='ocrx_word' id='word_1_225' title='bbox 299 2627 380 2693; x_wconf 85' lang='grc' dir='ltr'>φύειν</span> <span class='ocrx_word' id='word_1_226' title='bbox 401 2626 547 2680; x_wconf 78' lang='grc'><strong>112127.</strong></span> <span class='ocrx_word' id='word_1_227' title='bbox 580 2644 603 2678; x_wconf 93' lang='grc' dir='ltr'>κ.</span> <span class='ocrx_word' id='word_1_228' title='bbox 623 2627 677 2679; x_wconf 84' lang='grc' dir='ltr'>ὑπὸ</span> <span class='ocrx_word' id='word_1_229' title='bbox 767 2629 820 2691; x_wconf 83' lang='grc' dir='ltr'>τὴν</span> <span class='ocrx_word' id='word_1_230' title='bbox 839 2632 890 2690; x_wconf 78' lang='grc' dir='ltr'>τῆς</span> <span class='ocrx_word' id='word_1_231' title='bbox 908 2626 1009 2693; x_wconf 84' lang='grc' dir='ltr'>ἀρετῆς</span> <span class='ocrx_word' id='word_1_232' title='bbox 1027 2643 1051 2678; x_wconf 89' lang='grc' dir='ltr'>κ.</span> <span class='ocrx_word' id='word_1_233' title='bbox 1068 2630 1118 2679; x_wconf 89' lang='grc'>129</span> <span class='ocrx_word' id='word_1_234' title='bbox 1133 2624 1153 2678; x_wconf 92' lang='lat' dir='ltr'>l.</span> <span class='ocrx_word' id='word_1_235' title='bbox 1168 2630 1211 2680; x_wconf 89' lang='grc'><strong>47.</strong></span> <span class='ocrx_word' id='word_1_236' title='bbox 1240 2628 1293 2681; x_wconf 86' lang='grc' dir='ltr'>ἕξις</span> 
     </span>
     <span class='ocr_line' id='line_1_34' title="bbox 149 2698 1242 2766; baseline -0.002 -14"><span class='ocrx_word' id='word_1_237' title='bbox 149 2704 202 2766; x_wconf 84' lang='grc' dir='ltr'>τῆς</span> <span class='ocrx_word' id='word_1_238' title='bbox 220 2699 385 2765; x_wconf 83' lang='grc' dir='ltr'>εἱμαρμένης</span> <span class='ocrx_word' id='word_1_239' title='bbox 399 2699 443 2750; x_wconf 89' lang='grc' dir='ltr'>διά</span> <span class='ocrx_word' id='word_1_240' title='bbox 458 2700 531 2766; x_wconf 82' lang='grc' dir='ltr'>ζῴου</span> <span class='ocrx_word' id='word_1_241' title='bbox 545 2698 677 2764; x_wconf 87' lang='grc' dir='ltr'>γινομένη</span> <span class='ocrx_word' id='word_1_242' title='bbox 768 2699 813 2749; x_wconf 82' lang='grc' dir='ltr'>καί</span> <span class='ocrx_word' id='word_1_243' title='bbox 833 2714 856 2748; x_wconf 89' lang='grc' dir='ltr'>κ.</span> <span class='ocrx_word' id='word_1_244' title='bbox 875 2702 927 2750; x_wconf 86' lang='grc' dir='ltr'>τού</span> <span class='ocrx_word' id='word_1_245' title='bbox 947 2698 1083 2764; x_wconf 86' lang='grc' dir='ltr'>φρόνιμος</span> <span class='ocrx_word' id='word_1_246' title='bbox 1101 2698 1173 2750; x_wconf 80' lang='grc' dir='ltr'>εἶναι</span> <span class='ocrx_word' id='word_1_247' title='bbox 1192 2702 1242 2750; x_wconf 92' lang='grc'>131</span> 
     </span>
     <span class='ocr_line' id='line_1_35' title="bbox 152 2764 1294 2839; baseline -0.002 -15"><span class='ocrx_word' id='word_1_248' title='bbox 152 2773 196 2826; x_wconf 84' lang='grc' dir='ltr'>ἐπί</span> <span class='ocrx_word' id='word_1_249' title='bbox 209 2777 252 2839; x_wconf 84' lang='grc' dir='ltr'>τῷ</span> <span class='ocrx_word' id='word_1_250' title='bbox 266 2772 331 2838; x_wconf 85' lang='grc' dir='ltr'>Ζῴῳ</span> <span class='ocrx_word' id='word_1_251' title='bbox 345 2767 364 2821; x_wconf 89' lang='lat' dir='ltr'>l.</span> <span class='ocrx_word' id='word_1_252' title='bbox 380 2774 423 2822; x_wconf 92' lang='grc'>29.</span> <span class='ocrx_word' id='word_1_253' title='bbox 447 2786 470 2822; x_wconf 92' lang='grc' dir='ltr'>κ.</span> <span class='ocrx_word' id='word_1_254' title='bbox 486 2771 531 2821; x_wconf 85' lang='grc' dir='ltr'>καί</span> <span class='ocrx_word' id='word_1_255' title='bbox 545 2770 678 2835; x_wconf 83' lang='grc' dir='ltr'>ἐνέργειαι</span> <span class='ocrx_word' id='word_1_256' title='bbox 732 2764 919 2834; x_wconf 86' lang='grc' dir='ltr'>κύλινδρος.</span> <span class='ocrx_word' id='word_1_257' title='bbox 939 2768 987 2835; x_wconf 89' lang='lat' dir='ltr'>qui</span> <span class='ocrx_word' id='word_1_258' title='bbox 1006 2767 1143 2836; x_wconf 76' lang='lat' dir='ltr'><strong>protrusit</strong></span> <span class='ocrx_word' id='word_1_259' title='bbox 1161 2785 1194 2835; x_wconf 84' lang='grc' dir='ltr'>α,</span> <span class='ocrx_word' id='word_1_260' title='bbox 1214 2769 1294 2822; x_wconf 77' lang='lat' dir='ltr'><strong>dedit</strong></span> 
     </span>
     <span class='ocr_line' id='line_1_36' title="bbox 151 2840 679 2911; baseline -0.009 -15"><span class='ocrx_word' id='word_1_261' title='bbox 151 2844 182 2896; x_wconf 89' lang='grc' dir='ltr'>ἐν</span> <span class='ocrx_word' id='word_1_262' title='bbox 200 2848 242 2911; x_wconf 78' lang='grc' dir='ltr'>τῷ</span> <span class='ocrx_word' id='word_1_263' title='bbox 262 2842 354 2909; x_wconf 87' lang='grc' dir='ltr'>κδςμῳ</span> <span class='ocrx_word' id='word_1_264' title='bbox 373 2841 428 2893; x_wconf 86' lang='grc' dir='ltr'>ὑπὸ</span> <span class='ocrx_word' id='word_1_265' title='bbox 446 2846 496 2904; x_wconf 83' lang='grc' dir='ltr'>τῆς</span> <span class='ocrx_word' id='word_1_266' title='bbox 515 2840 679 2906; x_wconf 86' lang='grc' dir='ltr'>εἱμαρμένης</span> 
     </span>
     <span class='ocr_line' id='line_1_37' title="bbox 151 2910 677 2980; baseline -0.008 -13"><span class='ocrx_word' id='word_1_267' title='bbox 151 2913 277 2979; x_wconf 86' lang='grc' dir='ltr'>γίνονται</span> <span class='ocrx_word' id='word_1_268' title='bbox 292 2913 337 2965; x_wconf 89' lang='grc' dir='ltr'>διά</span> <span class='ocrx_word' id='word_1_269' title='bbox 353 2953 376 2965; x_wconf 94' lang='grc'>..</span> <span class='ocrx_word' id='word_1_270' title='bbox 392 2913 456 2979; x_wconf 83' lang='grc' dir='ltr'>(ούκ</span> <span class='ocrx_word' id='word_1_271' title='bbox 470 2910 514 2965; x_wconf 86' lang='grc' dir='ltr'>ἐπί</span> <span class='ocrx_word' id='word_1_272' title='bbox 526 2912 590 2980; x_wconf 88' lang='grc' dir='ltr'>τινι)</span> <span class='ocrx_word' id='word_1_273' title='bbox 605 2910 624 2963; x_wconf 94' lang='lat' dir='ltr'>l.</span> <span class='ocrx_word' id='word_1_274' title='bbox 634 2916 677 2964; x_wconf 86' lang='lat'>31.</span> 
     </span>
     <span class='ocr_line' id='line_1_38' title="bbox 150 2981 678 3038; baseline -0.006 0"><span class='ocrx_word' id='word_1_275' title='bbox 150 2990 206 3038; x_wconf 90' lang='grc' dir='ltr'>τοθ</span> <span class='ocrx_word' id='word_1_276' title='bbox 224 2983 303 3037; x_wconf 91' lang='grc' dir='ltr'>λίθου</span> <span class='ocrx_word' id='word_1_277' title='bbox 322 2981 341 3034; x_wconf 90' lang='lat' dir='ltr'>l.</span> <span class='ocrx_word' id='word_1_278' title='bbox 362 2988 403 3038; x_wconf 80' lang='grc'>25.</span> <span class='ocrx_word' id='word_1_279' title='bbox 439 2983 503 3036; x_wconf 74' lang='lat' dir='ltr'>add.</span> <span class='ocrx_word' id='word_1_280' title='bbox 522 2981 678 3036; x_wconf 79' lang='lat' dir='ltr'><strong>animorum</strong></span> 
     </span>
     <span class='ocr_line' id='line_1_39' title="bbox 151 3056 679 3122; baseline -0.008 -12"><span class='ocrx_word' id='word_1_281' title='bbox 151 3059 312 3110; x_wconf 81' lang='lat' dir='ltr'><strong>nostrorum</strong></span> <span class='ocrx_word' id='word_1_282' title='bbox 327 3057 420 3107; x_wconf 82' lang='lat' dir='ltr'><strong>motus</strong></span> <span class='ocrx_word' id='word_1_283' title='bbox 434 3056 556 3122; x_wconf 75' lang='lat' dir='ltr'>aguntur</span> <span class='ocrx_word' id='word_1_284' title='bbox 564 3069 615 3122; x_wconf 83' lang='lat' dir='ltr'>per</span> <span class='ocrx_word' id='word_1_285' title='bbox 627 3069 679 3107; x_wconf 81' lang='lat' dir='ltr'>nos</span> 
     </span>
     <span class='ocr_line' id='line_1_40' title="bbox 153 3124 680 3197; baseline -0.008 -16"><span class='ocrx_word' id='word_1_286' title='bbox 153 3129 256 3197; x_wconf 77' lang='lat' dir='ltr'>agente</span> <span class='ocrx_word' id='word_1_287' title='bbox 281 3125 341 3180; x_wconf 72' lang='lat' dir='ltr'><strong>faio</strong></span> <span class='ocrx_word' id='word_1_288' title='bbox 369 3124 462 3180; x_wconf 78' lang='lat' dir='ltr'><strong>Chalc.</strong></span> <span class='ocrx_word' id='word_1_289' title='bbox 491 3130 550 3178; x_wconf 85' lang='grc'><strong>101.</strong></span> <span class='ocrx_word' id='word_1_290' title='bbox 587 3126 680 3178; x_wconf 75' lang='lat' dir='ltr'><strong>motus</strong></span> 
     </span>
     <span class='ocr_line' id='line_1_41' title="bbox 153 3195 680 3253; baseline -0.006 -1"><span class='ocrx_word' id='word_1_291' title='bbox 153 3200 212 3253; x_wconf 77' lang='lat' dir='ltr'><strong>sine</strong></span> <span class='ocrx_word' id='word_1_292' title='bbox 232 3214 317 3252; x_wconf 79' lang='lat' dir='ltr'>causa</span> <span class='ocrx_word' id='word_1_293' title='bbox 334 3197 414 3250; x_wconf 79' lang='lat' dir='ltr'>nulla</span> <span class='ocrx_word' id='word_1_294' title='bbox 428 3199 472 3250; x_wconf 81' lang='lat' dir='ltr'>esi</span> <span class='ocrx_word' id='word_1_295' title='bbox 487 3202 528 3250; x_wconf 91' lang='grc'>77.</span> <span class='ocrx_word' id='word_1_296' title='bbox 557 3195 680 3249; x_wconf 84' lang='grc' dir='ltr'>ἀναίτιος</span> 
     </span>
     <span class='ocr_line' id='line_1_42' title="bbox 149 3267 678 3337; baseline -0.006 -14"><span class='ocrx_word' id='word_1_297' title='bbox 149 3288 176 3323; x_wconf 86' lang='grc' dir='ltr'>ιι.</span> <span class='ocrx_word' id='word_1_298' title='bbox 197 3270 272 3337; x_wconf 83' lang='grc' dir='ltr'>(οὐκ)</span> <span class='ocrx_word' id='word_1_299' title='bbox 292 3267 440 3336; x_wconf 88' lang='grc' dir='ltr'>είςάγεται,</span> <span class='ocrx_word' id='word_1_300' title='bbox 467 3267 617 3335; x_wconf 87' lang='grc' dir='ltr'>εὑρίςκεται</span> <span class='ocrx_word' id='word_1_301' title='bbox 637 3273 678 3321; x_wconf 90' lang='grc'><strong>72.</strong></span> 
     </span>
     <span class='ocr_line' id='line_1_43' title="bbox 154 3338 679 3407; baseline -0.006 -13"><span class='ocrx_word' id='word_1_302' title='bbox 154 3347 196 3397; x_wconf 85' lang='grc'><strong>70.</strong></span> <span class='ocrx_word' id='word_1_303' title='bbox 218 3345 260 3394; x_wconf 86' lang='grc'><strong>77.</strong></span> <span class='ocrx_word' id='word_1_304' title='bbox 288 3343 306 3407; x_wconf 82' lang='grc' dir='ltr'>ἡ</span> <span class='ocrx_word' id='word_1_305' title='bbox 326 3340 475 3407; x_wconf 82' lang='grc' dir='ltr'>εἱμαρμένη</span> <span class='ocrx_word' id='word_1_306' title='bbox 495 3357 519 3392; x_wconf 93' lang='grc' dir='ltr'>κ.</span> <span class='ocrx_word' id='word_1_307' title='bbox 539 3338 626 3393; x_wconf 91' lang='grc' dir='ltr'>ἀίδιος</span> <span class='ocrx_word' id='word_1_308' title='bbox 644 3343 679 3391; x_wconf 93' lang='grc'>44</span> 
     </span>
     <span class='ocr_line' id='line_1_44' title="bbox 118 3410 679 3480; baseline -0.005 -14"><span class='ocrx_word' id='word_1_309' title='bbox 118 3414 251 3466; x_wconf 88' lang='grc' dir='ltr'>Κλωθώ.</span> <span class='ocrx_word' id='word_1_310' title='bbox 285 3410 458 3480; x_wconf 77' lang='lat' dir='ltr'>etymologia</span> <span class='ocrx_word' id='word_1_311' title='bbox 476 3416 519 3464; x_wconf 91' lang='grc'><strong>49.</strong></span> <span class='ocrx_word' id='word_1_312' title='bbox 551 3411 627 3478; x_wconf 85' lang='grc' dir='ltr'>παρὰ</span> <span class='ocrx_word' id='word_1_313' title='bbox 645 3411 679 3463; x_wconf 86' lang='grc' dir='ltr'>τὸ</span> 
     </span>
     <span class='ocr_line' id='line_1_45' title="bbox 154 3486 408 3549; baseline -0.004 -12"><span class='ocrx_word' id='word_1_314' title='bbox 154 3486 355 3549; x_wconf 82' lang='grc' dir='ltr'>ςυγκεκλιθτθαι</span> <span class='ocrx_word' id='word_1_315' title='bbox 374 3487 408 3536; x_wconf 82' lang='grc'>40</span> 
     </span>
     <span class='ocr_line' id='line_1_46' title="bbox 117 3555 679 3621; baseline 0 -13"><span class='ocrx_word' id='word_1_316' title='bbox 117 3556 289 3621; x_wconf 83' lang='grc' dir='ltr'>κολάζειν,</span> <span class='ocrx_word' id='word_1_317' title='bbox 319 3555 461 3608; x_wconf 88' lang='grc' dir='ltr'>κάλαςις,</span> <span class='ocrx_word' id='word_1_318' title='bbox 493 3559 535 3607; x_wconf 78' lang='grc'>51.</span> <span class='ocrx_word' id='word_1_319' title='bbox 556 3558 679 3608; x_wconf 82' lang='grc' dir='ltr'>ύθ-ύδ,</span> 
     </span>
     <span class='ocr_line' id='line_1_47' title="bbox 158 3624 360 3681; baseline -0.005 -3"><span class='ocrx_word' id='word_1_320' title='bbox 158 3624 288 3681; x_wconf 74' lang='grc'><strong>12913.</strong></span> <span class='ocrx_word' id='word_1_321' title='bbox 309 3629 360 3678; x_wconf 86' lang='grc'><strong>140</strong></span> 
     </span>
     <span class='ocr_line' id='line_1_48' title="bbox 118 3692 680 3764; baseline -0.005 -13"><span class='ocrx_word' id='word_1_322' title='bbox 118 3703 299 3752; x_wconf 83' lang='grc' dir='ltr'>κοινωνεῖν</span> <span class='ocrx_word' id='word_1_323' title='bbox 318 3695 427 3761; x_wconf 92' lang='grc' dir='ltr'>γυναικί</span> <span class='ocrx_word' id='word_1_324' title='bbox 447 3699 506 3764; x_wconf 85' lang='grc'><strong>116,</strong></span> <span class='ocrx_word' id='word_1_325' title='bbox 526 3692 560 3748; x_wconf 84' lang='lat' dir='ltr'>cf.</span> <span class='ocrx_word' id='word_1_326' title='bbox 576 3712 680 3759; x_wconf 90' lang='grc' dir='ltr'>ςυγκοι-</span> 
     </span>
     <span class='ocr_line' id='line_1_49' title="bbox 157 3766 1294 3834; baseline -0.003 -11"><span class='ocrx_word' id='word_1_327' title='bbox 157 3774 255 3834; x_wconf 82' lang='grc' dir='ltr'>μάςθαι</span> <span class='ocrx_word' id='word_1_328' title='bbox 770 3766 809 3819; x_wconf 85' lang='grc' dir='ltr'>ὼς</span> <span class='ocrx_word' id='word_1_329' title='bbox 837 3766 980 3833; x_wconf 87' lang='grc' dir='ltr'>κύλινδρος</span> <span class='ocrx_word' id='word_1_330' title='bbox 1007 3766 1078 3819; x_wconf 92' lang='grc' dir='ltr'>κατά</span> <span class='ocrx_word' id='word_1_331' title='bbox 1104 3771 1229 3833; x_wconf 90' lang='grc' dir='ltr'>πρανοθς</span> <span class='ocrx_word' id='word_1_332' title='bbox 1257 3767 1294 3820; x_wconf 90' lang='grc' dir='ltr'><strong>Μ.</strong></span> 
     </span>
     <span class='ocr_line' id='line_1_50' title="bbox 119 3834 1097 3909; baseline -0.002 -16"><span class='ocrx_word' id='word_1_333' title='bbox 119 3840 251 3907; x_wconf 91' lang='grc' dir='ltr'>κδςμος.</span> <span class='ocrx_word' id='word_1_334' title='bbox 270 3837 446 3893; x_wconf 80' lang='lat' dir='ltr'><strong>definitiones</strong></span> <span class='ocrx_word' id='word_1_335' title='bbox 462 3842 503 3892; x_wconf 89' lang='grc'>17.</span> <span class='ocrx_word' id='word_1_336' title='bbox 520 3842 561 3892; x_wconf 86' lang='grc'><strong>18,</strong></span> <span class='ocrx_word' id='word_1_337' title='bbox 576 3855 604 3906; x_wconf 91' lang='lat' dir='ltr'>p.</span> <span class='ocrx_word' id='word_1_338' title='bbox 619 3842 678 3891; x_wconf 84' lang='grc'><strong>697.</strong></span> <span class='ocrx_word' id='word_1_339' title='bbox 770 3834 872 3890; x_wconf 82' lang='grc' dir='ltr'>Αυὶοα.</span> <span class='ocrx_word' id='word_1_340' title='bbox 892 3834 918 3888; x_wconf 91' lang='lat' dir='ltr'>X</span> <span class='ocrx_word' id='word_1_341' title='bbox 936 3843 970 3891; x_wconf 89' lang='grc'>33</span> <span class='ocrx_word' id='word_1_342' title='bbox 1092 3902 1097 3909; x_wconf 12' lang='grc' dir='ltr'>ἡ</span> 
     </span>
     <span class='ocr_line' id='line_1_51' title="bbox 155 3908 1295 3980; baseline -0.005 -14"><span class='ocrx_word' id='word_1_343' title='bbox 155 3914 360 3980; x_wconf 88' lang='grc' dir='ltr'>φυςιολογεῖται</span> <span class='ocrx_word' id='word_1_344' title='bbox 383 3910 399 3961; x_wconf 91' lang='grc' dir='ltr'>δ</span> <span class='ocrx_word' id='word_1_345' title='bbox 423 3927 446 3962; x_wconf 89' lang='grc' dir='ltr'>κ.</span> <span class='ocrx_word' id='word_1_346' title='bbox 471 3910 550 3976; x_wconf 88' lang='grc' dir='ltr'>φύςις</span> <span class='ocrx_word' id='word_1_347' title='bbox 575 3909 680 3976; x_wconf 86' lang='grc' dir='ltr'>λογική,</span> <span class='ocrx_word' id='word_1_348' title='bbox 734 3908 858 3974; x_wconf 90' lang='grc' dir='ltr'>κύριος.</span> <span class='ocrx_word' id='word_1_349' title='bbox 877 3913 928 3961; x_wconf 85' lang='grc' dir='ltr'>τοῦ</span> <span class='ocrx_word' id='word_1_350' title='bbox 948 3909 1074 3974; x_wconf 85' lang='grc' dir='ltr'>ἐμμένειν</span> <span class='ocrx_word' id='word_1_351' title='bbox 1092 3914 1150 3960; x_wconf 89' lang='grc' dir='ltr'>τοῖς</span> <span class='ocrx_word' id='word_1_352' title='bbox 1168 3908 1223 3960; x_wconf 89' lang='grc' dir='ltr'>ύπὸ</span> <span class='ocrx_word' id='word_1_353' title='bbox 1236 3913 1295 3962; x_wconf 85' lang='grc' dir='ltr'>τῶν</span> 
     </span>
     <span class='ocr_line' id='line_1_52' title="bbox 156 3979 1296 4050; baseline -0.004 -14"><span class='ocrx_word' id='word_1_354' title='bbox 156 3984 288 4050; x_wconf 84' lang='grc' dir='ltr'>ἔμψυχος,</span> <span class='ocrx_word' id='word_1_355' title='bbox 307 3982 412 4048; x_wconf 88' lang='grc' dir='ltr'>νοεράε,</span> <span class='ocrx_word' id='word_1_356' title='bbox 432 3982 567 4048; x_wconf 84' lang='grc' dir='ltr'>φρόνιμος</span> <span class='ocrx_word' id='word_1_357' title='bbox 581 3986 605 4033; x_wconf 92' lang='grc'><strong>9.</strong></span> <span class='ocrx_word' id='word_1_358' title='bbox 636 3982 681 4046; x_wconf 89' lang='grc' dir='ltr'>έμ-</span> <span class='ocrx_word' id='word_1_359' title='bbox 771 3984 843 4032; x_wconf 83' lang='grc' dir='ltr'>θεῶν</span> <span class='ocrx_word' id='word_1_360' title='bbox 861 3980 1131 4046; x_wconf 91' lang='grc' dir='ltr'>προαγορευομένοις</span> <span class='ocrx_word' id='word_1_361' title='bbox 1149 3979 1201 4045; x_wconf 85' lang='grc' dir='ltr'>οὐχ</span> <span class='ocrx_word' id='word_1_362' title='bbox 1219 3981 1296 4045; x_wconf 71' lang='grc' dir='ltr'>ἡμας</span> 
     </span>
     <span class='ocr_line' id='line_1_53' title="bbox 155 4049 1296 4122; baseline -0.004 -15"><span class='ocrx_word' id='word_1_363' title='bbox 155 4070 246 4122; x_wconf 90' lang='grc' dir='ltr'>ψυχος</span> <span class='ocrx_word' id='word_1_364' title='bbox 260 4056 305 4106; x_wconf 89' lang='grc' dir='ltr'>καί</span> <span class='ocrx_word' id='word_1_365' title='bbox 319 4054 382 4107; x_wconf 87' lang='grc' dir='ltr'>θεός</span> <span class='ocrx_word' id='word_1_366' title='bbox 397 4059 437 4107; x_wconf 88' lang='grc'>10.</span> <span class='ocrx_word' id='word_1_367' title='bbox 457 4053 525 4105; x_wconf 79' lang='lat' dir='ltr'><strong>deus</strong></span> <span class='ocrx_word' id='word_1_368' title='bbox 542 4058 582 4104; x_wconf 88' lang='grc'>10.</span> <span class='ocrx_word' id='word_1_369' title='bbox 607 4054 681 4120; x_wconf 78' lang='grc' dir='ltr'>Ζῷον</span> <span class='ocrx_word' id='word_1_370' title='bbox 771 4051 859 4117; x_wconf 90' lang='grc' dir='ltr'>κύριοι</span> <span class='ocrx_word' id='word_1_371' title='bbox 875 4054 934 4103; x_wconf 88' lang='grc'><strong>138.</strong></span> <span class='ocrx_word' id='word_1_372' title='bbox 957 4052 993 4104; x_wconf 88' lang='grc' dir='ltr'>τά</span> <span class='ocrx_word' id='word_1_373' title='bbox 1012 4051 1091 4104; x_wconf 85' lang='grc' dir='ltr'>ἐκτὸς</span> <span class='ocrx_word' id='word_1_374' title='bbox 1108 4049 1182 4103; x_wconf 81' lang='grc' dir='ltr'>αἴτια</span> <span class='ocrx_word' id='word_1_375' title='bbox 1197 4067 1220 4104; x_wconf 95' lang='grc' dir='ltr'>κ.</span> <span class='ocrx_word' id='word_1_376' title='bbox 1235 4055 1296 4104; x_wconf 82' lang='grc' dir='ltr'>τῶν</span> 
     </span>
     <span class='ocr_line' id='line_1_54' title="bbox 156 4121 1295 4189; baseline -0.005 -10"><span class='ocrx_word' id='word_1_377' title='bbox 156 4128 201 4179; x_wconf 86' lang='grc' dir='ltr'>καί</span> <span class='ocrx_word' id='word_1_378' title='bbox 220 4125 332 4189; x_wconf 86' lang='grc' dir='ltr'>λογικὸν</span> <span class='ocrx_word' id='word_1_379' title='bbox 351 4126 396 4177; x_wconf 89' lang='grc' dir='ltr'>καί</span> <span class='ocrx_word' id='word_1_380' title='bbox 415 4125 540 4189; x_wconf 88' lang='grc' dir='ltr'>ἔμψυχον</span> <span class='ocrx_word' id='word_1_381' title='bbox 559 4124 604 4175; x_wconf 88' lang='grc' dir='ltr'>καί</span> <span class='ocrx_word' id='word_1_382' title='bbox 622 4138 682 4175; x_wconf 96' lang='grc' dir='ltr'>νοε-</span> <span class='ocrx_word' id='word_1_383' title='bbox 771 4122 818 4189; x_wconf 82' lang='grc' dir='ltr'>ἐφ’</span> <span class='ocrx_word' id='word_1_384' title='bbox 831 4123 896 4187; x_wconf 84' lang='grc' dir='ltr'>ἡμῖν</span> <span class='ocrx_word' id='word_1_385' title='bbox 914 4122 1098 4186; x_wconf 83' lang='grc' dir='ltr'>ταττομένων</span> <span class='ocrx_word' id='word_1_386' title='bbox 1114 4126 1155 4175; x_wconf 93' lang='grc'><strong>73.</strong></span> <span class='ocrx_word' id='word_1_387' title='bbox 1182 4121 1246 4175; x_wconf 73' lang='lat' dir='ltr'>add.</span> <span class='ocrx_word' id='word_1_388' title='bbox 1262 4121 1295 4174; x_wconf 89' lang='grc' dir='ltr'>τὸ</span> 
     </span>
     <span class='ocr_line' id='line_1_55' title="bbox 772 4193 1296 4261; baseline -0.002 -15"><span class='ocrx_word' id='word_1_389' title='bbox 772 4193 818 4259; x_wconf 80' lang='grc' dir='ltr'>ἐφ’</span> <span class='ocrx_word' id='word_1_390' title='bbox 831 4194 897 4260; x_wconf 83' lang='grc' dir='ltr'>ἡμῖν</span> <span class='ocrx_word' id='word_1_391' title='bbox 911 4194 950 4246; x_wconf 86' lang='grc' dir='ltr'>ὼς</span> <span class='ocrx_word' id='word_1_392' title='bbox 964 4195 1058 4261; x_wconf 90' lang='grc' dir='ltr'>κύριον</span> <span class='ocrx_word' id='word_1_393' title='bbox 1076 4196 1175 4259; x_wconf 84' lang='grc' dir='ltr'>χρῆται</span> <span class='ocrx_word' id='word_1_394' title='bbox 1192 4198 1234 4261; x_wconf 83' lang='grc' dir='ltr'>τῷ</span> <span class='ocrx_word' id='word_1_395' title='bbox 1254 4193 1296 4245; x_wconf 91' lang='grc' dir='ltr'>ἐν-</span> 
     </span>
     <span class='ocr_line' id='line_1_56' title="bbox 772 4264 1295 4334; baseline -0.002 -17"><span class='ocrx_word' id='word_1_396' title='bbox 772 4265 913 4334; x_wconf 84' lang='grc' dir='ltr'>δεχομένῳ</span> <span class='ocrx_word' id='word_1_397' title='bbox 933 4264 1207 4334; x_wconf 80' lang='grc' dir='ltr'>[Ρ1υ1.]ἀοίαίοο.</span> <span class='ocrx_word' id='word_1_398' title='bbox 1227 4270 1253 4319; x_wconf 84' lang='grc' dir='ltr'>θ.</span> <span class='ocrx_word' id='word_1_399' title='bbox 1280 4265 1295 4316; x_wconf 90' lang='grc' dir='ltr'>δ</span> 
     </span>
     <span class='ocr_line' id='line_1_57' title="bbox 772 4334 1295 4403; baseline 0 -15"><span class='ocrx_word' id='word_1_400' title='bbox 772 4334 898 4402; x_wconf 83' lang='grc' dir='ltr'>τεχνίτης</span> <span class='ocrx_word' id='word_1_401' title='bbox 919 4338 1069 4403; x_wconf 86' lang='grc' dir='ltr'>γενόμενος</span> <span class='ocrx_word' id='word_1_402' title='bbox 1087 4335 1179 4388; x_wconf 82' lang='grc' dir='ltr'>οὐκέτ’</span> <span class='ocrx_word' id='word_1_403' title='bbox 1198 4336 1252 4389; x_wconf 85' lang='grc' dir='ltr'>ἐςτὶ</span> <span class='ocrx_word' id='word_1_404' title='bbox 1271 4353 1295 4388; x_wconf 90' lang='grc' dir='ltr'>κ.</span> 
     </span>
    </p>
   </div>
   <div class='ocr_carea' id='block_1_3' title="bbox 111 415 677 2053">
    <p class='ocr_par' dir='ltr' id='par_1_3' title="bbox 111 415 675 969">
     <span class='ocr_line' id='line_1_58' title="bbox 111 415 674 480; baseline 0 -9"><span class='ocrx_word' id='word_1_405' title='bbox 111 415 392 480; x_wconf 80' lang='grc' dir='ltr'>καταναγκάζειν.</span> <span class='ocrx_word' id='word_1_406' title='bbox 417 415 520 472; x_wconf 88' lang='grc' dir='ltr'>ἔξωθεν</span> <span class='ocrx_word' id='word_1_407' title='bbox 539 434 562 470; x_wconf 93' lang='grc' dir='ltr'>κ.</span> <span class='ocrx_word' id='word_1_408' title='bbox 582 435 609 470; x_wconf 90' lang='grc' dir='ltr'>τι</span> <span class='ocrx_word' id='word_1_409' title='bbox 628 419 674 471; x_wconf 81' lang='grc' dir='ltr'>ἀν·</span> 
     </span>
     <span class='ocr_line' id='line_1_59' title="bbox 142 489 675 555; baseline 0.002 -14"><span class='ocrx_word' id='word_1_410' title='bbox 142 489 675 555; x_wconf 87' lang='grc' dir='ltr'>θρώπους134.κατανάγκαςταιοὺτωςί</span> 
     </span>
     <span class='ocr_line' id='line_1_60' title="bbox 147 559 674 628; baseline 0 -15"><span class='ocrx_word' id='word_1_411' title='bbox 147 560 274 624; x_wconf 84' lang='grc' dir='ltr'>γενέςθαι</span> <span class='ocrx_word' id='word_1_412' title='bbox 288 563 330 612; x_wconf 86' lang='grc'><strong>46.</strong></span> <span class='ocrx_word' id='word_1_413' title='bbox 357 559 401 612; x_wconf 90' lang='grc' dir='ltr'>ἐπί</span> <span class='ocrx_word' id='word_1_414' title='bbox 418 565 454 628; x_wconf 80' lang='grc' dir='ltr'>τῇ</span> <span class='ocrx_word' id='word_1_415' title='bbox 468 565 544 628; x_wconf 79' lang='grc' dir='ltr'>ψυχῇ</span> <span class='ocrx_word' id='word_1_416' title='bbox 558 561 592 614; x_wconf 87' lang='grc' dir='ltr'>τὸ</span> <span class='ocrx_word' id='word_1_417' title='bbox 607 565 674 627; x_wconf 82' lang='grc' dir='ltr'>πρᾶ-</span> 
     </span>
     <span class='ocr_line' id='line_1_61' title="bbox 148 631 674 698; baseline -0.002 -13"><span class='ocrx_word' id='word_1_418' title='bbox 148 635 192 685; x_wconf 87' lang='grc' dir='ltr'>ξαι</span> <span class='ocrx_word' id='word_1_419' title='bbox 214 634 232 698; x_wconf 89' lang='grc' dir='ltr'>ἢ</span> <span class='ocrx_word' id='word_1_420' title='bbox 257 631 294 696; x_wconf 76' lang='grc' dir='ltr'>μή</span> <span class='ocrx_word' id='word_1_421' title='bbox 316 635 376 684; x_wconf 89' lang='grc'><strong>122.</strong></span> <span class='ocrx_word' id='word_1_422' title='bbox 414 633 674 698; x_wconf 87' lang='grc' dir='ltr'>κατηναγκαςμένον</span> 
     </span>
     <span class='ocr_line' id='line_1_62' title="bbox 148 702 674 769; baseline 0.002 -15"><span class='ocrx_word' id='word_1_423' title='bbox 148 706 192 755; x_wconf 88' lang='grc'>44.</span> <span class='ocrx_word' id='word_1_424' title='bbox 218 702 274 768; x_wconf 87' lang='grc' dir='ltr'>πρὸ</span> <span class='ocrx_word' id='word_1_425' title='bbox 287 707 338 767; x_wconf 80' lang='grc' dir='ltr'>τῆς</span> <span class='ocrx_word' id='word_1_426' title='bbox 351 703 487 769; x_wconf 82' lang='grc' dir='ltr'>ἡμετέρας</span> <span class='ocrx_word' id='word_1_427' title='bbox 505 702 637 767; x_wconf 86' lang='grc' dir='ltr'>γενέςεως</span> <span class='ocrx_word' id='word_1_428' title='bbox 651 720 674 755; x_wconf 88' lang='grc' dir='ltr'>κ.</span> 
     </span>
     <span class='ocr_line' id='line_1_63' title="bbox 147 775 675 840; baseline 0.002 -14"><span class='ocrx_word' id='word_1_429' title='bbox 147 775 184 840; x_wconf 79' lang='grc' dir='ltr'>ἦν</span> <span class='ocrx_word' id='word_1_430' title='bbox 208 775 324 826; x_wconf 85' lang='grc' dir='ltr'>ἕκαςτον</span> <span class='ocrx_word' id='word_1_431' title='bbox 348 777 445 838; x_wconf 86' lang='grc' dir='ltr'>μαθεῖν</span> <span class='ocrx_word' id='word_1_432' title='bbox 463 775 536 839; x_wconf 78' lang='grc' dir='ltr'>ἡμᾶς</span> <span class='ocrx_word' id='word_1_433' title='bbox 554 776 598 827; x_wconf 90' lang='grc' dir='ltr'>καί</span> <span class='ocrx_word' id='word_1_434' title='bbox 616 791 675 827; x_wconf 90' lang='grc' dir='ltr'>ποι-</span> 
     </span>
     <span class='ocr_line' id='line_1_64' title="bbox 148 845 675 911; baseline 0 -12"><span class='ocrx_word' id='word_1_435' title='bbox 148 849 210 910; x_wconf 80' lang='grc' dir='ltr'>ῆται</span> <span class='ocrx_word' id='word_1_436' title='bbox 239 848 299 899; x_wconf 86' lang='grc'><strong>138.</strong></span> <span class='ocrx_word' id='word_1_437' title='bbox 345 845 675 911; x_wconf 88' lang='grc' dir='ltr'>κατηναγκαςμένως</span> 
     </span>
     <span class='ocr_line' id='line_1_65' title="bbox 150 914 291 969; baseline 0.007 -1"><span class='ocrx_word' id='word_1_438' title='bbox 150 914 291 969; x_wconf 75' lang='grc'><strong>112113</strong></span> 
     </span>
    </p>

    <p class='ocr_par' dir='ltr' id='par_1_4' title="bbox 115 986 676 1185">
     <span class='ocr_line' id='line_1_66' title="bbox 115 986 676 1041; baseline 0.002 -1"><span class='ocrx_word' id='word_1_439' title='bbox 115 986 383 1041; x_wconf 79' lang='grc' dir='ltr'>καταναλίςκειν.</span> <span class='ocrx_word' id='word_1_440' title='bbox 415 988 486 1041; x_wconf 91' lang='grc' dir='ltr'>Ζεύς</span> <span class='ocrx_word' id='word_1_441' title='bbox 508 987 619 1041; x_wconf 85' lang='grc' dir='ltr'>ἅπαντα</span> <span class='ocrx_word' id='word_1_442' title='bbox 638 988 676 1041; x_wconf 83' lang='grc' dir='ltr'>εἰς</span> 
     </span>
     <span class='ocr_line' id='line_1_67' title="bbox 151 1058 675 1113; baseline -0.004 0"><span class='ocrx_word' id='word_1_443' title='bbox 151 1059 239 1113; x_wconf 84' lang='grc' dir='ltr'>αὑτὸν</span> <span class='ocrx_word' id='word_1_444' title='bbox 258 1075 282 1112; x_wconf 89' lang='grc' dir='ltr'>ιι.</span> <span class='ocrx_word' id='word_1_445' title='bbox 297 1062 326 1111; x_wconf 69' lang='grc' dir='ltr'>4θ.</span> <span class='ocrx_word' id='word_1_446' title='bbox 354 1059 457 1113; x_wconf 88' lang='grc' dir='ltr'>πάντες</span> <span class='ocrx_word' id='word_1_447' title='bbox 475 1058 502 1112; x_wconf 93' lang='grc' dir='ltr'>οἱ</span> <span class='ocrx_word' id='word_1_448' title='bbox 520 1060 598 1113; x_wconf 93' lang='grc' dir='ltr'>άλλοι</span> <span class='ocrx_word' id='word_1_449' title='bbox 617 1061 675 1112; x_wconf 89' lang='grc' dir='ltr'>θεοί</span> 
     </span>
     <span class='ocr_line' id='line_1_68' title="bbox 149 1128 341 1185; baseline -0.005 -2"><span class='ocrx_word' id='word_1_450' title='bbox 149 1128 341 1185; x_wconf 54' lang='grc' dir='ltr'>κὼΜΗ</span> 
     </span>
    </p>

    <p class='ocr_par' dir='ltr' id='par_1_5' title="bbox 118 1202 676 1469">
     <span class='ocr_line' id='line_1_69' title="bbox 118 1202 675 1270; baseline -0.002 -15"><span class='ocrx_word' id='word_1_451' title='bbox 118 1202 368 1269; x_wconf 88' lang='grc' dir='ltr'>κατορθώματα</span> <span class='ocrx_word' id='word_1_452' title='bbox 376 1202 501 1268; x_wconf 90' lang='grc' dir='ltr'>ποιητέα,</span> <span class='ocrx_word' id='word_1_453' title='bbox 513 1202 590 1270; x_wconf 89' lang='grc' dir='ltr'>καλά,</span> <span class='ocrx_word' id='word_1_454' title='bbox 601 1202 675 1255; x_wconf 87' lang='grc' dir='ltr'>ἐπαι-</span> 
     </span>
     <span class='ocr_line' id='line_1_70' title="bbox 149 1273 676 1327; baseline -0.002 -1"><span class='ocrx_word' id='word_1_455' title='bbox 149 1273 217 1327; x_wconf 87' lang='grc' dir='ltr'>νετά</span> <span class='ocrx_word' id='word_1_456' title='bbox 241 1277 283 1326; x_wconf 80' lang='grc'>61,</span> <span class='ocrx_word' id='word_1_457' title='bbox 308 1276 439 1326; x_wconf 80' lang='grc'><strong>63-55.</strong></span> <span class='ocrx_word' id='word_1_458' title='bbox 466 1278 524 1327; x_wconf 90' lang='grc'><strong>140.</strong></span> <span class='ocrx_word' id='word_1_459' title='bbox 563 1273 589 1326; x_wconf 97' lang='grc' dir='ltr'>οἱ</span> <span class='ocrx_word' id='word_1_460' title='bbox 617 1274 676 1326; x_wconf 87' lang='grc' dir='ltr'>θεοί</span> 
     </span>
     <span class='ocr_line' id='line_1_71' title="bbox 152 1343 675 1412; baseline -0.002 -15"><span class='ocrx_word' id='word_1_461' title='bbox 152 1343 296 1412; x_wconf 82' lang='grc' dir='ltr'>κρείττους</span> <span class='ocrx_word' id='word_1_462' title='bbox 314 1344 379 1397; x_wconf 88' lang='grc' dir='ltr'>εἰςίν</span> <span class='ocrx_word' id='word_1_463' title='bbox 397 1347 415 1411; x_wconf 88' lang='grc' dir='ltr'>ἢ</span> <span class='ocrx_word' id='word_1_464' title='bbox 435 1345 506 1397; x_wconf 89' lang='grc' dir='ltr'>κατὰ</span> <span class='ocrx_word' id='word_1_465' title='bbox 524 1344 560 1396; x_wconf 90' lang='grc' dir='ltr'>τὰ</span> <span class='ocrx_word' id='word_1_466' title='bbox 574 1361 598 1396; x_wconf 90' lang='grc' dir='ltr'>κ.</span> <span class='ocrx_word' id='word_1_467' title='bbox 616 1349 675 1397; x_wconf 91' lang='grc'><strong>140.</strong></span> 
     </span>
     <span class='ocr_line' id='line_1_72' title="bbox 151 1415 558 1469; baseline -0.002 0"><span class='ocrx_word' id='word_1_468' title='bbox 151 1416 194 1469; x_wconf 88' lang='grc' dir='ltr'>ἐπί</span> <span class='ocrx_word' id='word_1_469' title='bbox 213 1422 273 1469; x_wconf 86' lang='grc' dir='ltr'>τοῖς</span> <span class='ocrx_word' id='word_1_470' title='bbox 291 1432 315 1468; x_wconf 90' lang='grc' dir='ltr'>κ.</span> <span class='ocrx_word' id='word_1_471' title='bbox 335 1415 361 1468; x_wconf 96' lang='grc' dir='ltr'>οἱ</span> <span class='ocrx_word' id='word_1_472' title='bbox 380 1416 487 1468; x_wconf 90' lang='grc' dir='ltr'>ἔπαινοι</span> <span class='ocrx_word' id='word_1_473' title='bbox 507 1420 558 1468; x_wconf 89' lang='grc'><strong>140</strong></span> 
     </span>
    </p>

    <p class='ocr_par' dir='ltr' id='par_1_6' title="bbox 121 1487 677 1838">
     <span class='ocr_line' id='line_1_73' title="bbox 121 1487 675 1554; baseline -0.002 -14"><span class='ocrx_word' id='word_1_474' title='bbox 121 1491 308 1554; x_wconf 90' lang='grc' dir='ltr'>κατορθούν</span> <span class='ocrx_word' id='word_1_475' title='bbox 322 1490 364 1539; x_wconf 81' lang='grc'><strong>64.</strong></span> <span class='ocrx_word' id='word_1_476' title='bbox 389 1491 448 1540; x_wconf 85' lang='grc' dir='ltr'>τῶν</span> <span class='ocrx_word' id='word_1_477' title='bbox 467 1490 584 1551; x_wconf 83' lang='grc' dir='ltr'>λογικῶς</span> <span class='ocrx_word' id='word_1_478' title='bbox 603 1487 675 1554; x_wconf 87' lang='grc' dir='ltr'>ἐνερ-</span> 
     </span>
     <span class='ocr_line' id='line_1_74' title="bbox 151 1556 675 1624; baseline -0.004 -12"><span class='ocrx_word' id='word_1_479' title='bbox 151 1560 287 1623; x_wconf 90' lang='grc' dir='ltr'>γούντων·</span> <span class='ocrx_word' id='word_1_480' title='bbox 299 1556 325 1611; x_wconf 85' lang='grc' dir='ltr'>οἳ</span> <span class='ocrx_word' id='word_1_481' title='bbox 345 1559 394 1623; x_wconf 84' lang='grc' dir='ltr'>μέν</span> <span class='ocrx_word' id='word_1_482' title='bbox 413 1575 436 1610; x_wconf 92' lang='grc' dir='ltr'>κ.</span> <span class='ocrx_word' id='word_1_483' title='bbox 456 1557 483 1610; x_wconf 86' lang='grc' dir='ltr'>οἳ</span> <span class='ocrx_word' id='word_1_484' title='bbox 501 1559 532 1611; x_wconf 85' lang='grc' dir='ltr'>δέ</span> <span class='ocrx_word' id='word_1_485' title='bbox 555 1558 675 1624; x_wconf 82' lang='grc' dir='ltr'>ἁμαρτά-</span> 
     </span>
     <span class='ocr_line' id='line_1_75' title="bbox 150 1630 675 1683; baseline -0.004 0"><span class='ocrx_word' id='word_1_486' title='bbox 150 1646 227 1683; x_wconf 91' lang='grc' dir='ltr'>νουςι</span> <span class='ocrx_word' id='word_1_487' title='bbox 243 1634 302 1682; x_wconf 92' lang='grc'><strong>139.</strong></span> <span class='ocrx_word' id='word_1_488' title='bbox 330 1630 364 1681; x_wconf 89' lang='grc' dir='ltr'>τὸ</span> <span class='ocrx_word' id='word_1_489' title='bbox 379 1647 402 1681; x_wconf 94' lang='grc' dir='ltr'>κ.</span> <span class='ocrx_word' id='word_1_490' title='bbox 418 1630 462 1682; x_wconf 88' lang='grc' dir='ltr'>ἐπί</span> <span class='ocrx_word' id='word_1_491' title='bbox 476 1634 534 1682; x_wconf 82' lang='grc' dir='ltr'>τῶν</span> <span class='ocrx_word' id='word_1_492' title='bbox 554 1633 627 1682; x_wconf 82' lang='grc' dir='ltr'>θεῶν</span> <span class='ocrx_word' id='word_1_493' title='bbox 642 1631 675 1681; x_wconf 92' lang='grc' dir='ltr'>ού</span> 
     </span>
     <span class='ocr_line' id='line_1_76' title="bbox 151 1700 677 1768; baseline -0.004 -14"><span class='ocrx_word' id='word_1_494' title='bbox 151 1702 253 1768; x_wconf 89' lang='grc' dir='ltr'>κυρίως</span> <span class='ocrx_word' id='word_1_495' title='bbox 262 1703 297 1754; x_wconf 87' lang='grc' dir='ltr'>ἂν</span> <span class='ocrx_word' id='word_1_496' title='bbox 307 1701 425 1768; x_wconf 88' lang='grc' dir='ltr'>λέγοιτο,</span> <span class='ocrx_word' id='word_1_497' title='bbox 440 1700 526 1753; x_wconf 90' lang='lat' dir='ltr'><strong>immo</strong></span> <span class='ocrx_word' id='word_1_498' title='bbox 539 1702 574 1753; x_wconf 87' lang='grc' dir='ltr'>τὸ</span> <span class='ocrx_word' id='word_1_499' title='bbox 587 1707 677 1754; x_wconf 77' lang='grc' dir='ltr'>ποιεῖν</span> 
     </span>
     <span class='ocr_line' id='line_1_77' title="bbox 150 1772 369 1838; baseline -0.005 -13"><span class='ocrx_word' id='word_1_500' title='bbox 150 1774 186 1826; x_wconf 87' lang='grc' dir='ltr'>τὰ</span> <span class='ocrx_word' id='word_1_501' title='bbox 205 1772 298 1838; x_wconf 90' lang='grc' dir='ltr'>ἀγαθά</span> <span class='ocrx_word' id='word_1_502' title='bbox 319 1776 369 1825; x_wconf 91' lang='grc'>140</span> 
     </span>
    </p>

    <p class='ocr_par' dir='ltr' id='par_1_7' title="bbox 120 1843 357 1897">
     <span class='ocr_line' id='line_1_78' title="bbox 120 1843 357 1897; baseline 0 -1"><span class='ocrx_word' id='word_1_503' title='bbox 120 1844 205 1897; x_wconf 92' lang='grc' dir='ltr'>κάτω</span> <span class='ocrx_word' id='word_1_504' title='bbox 228 1843 262 1896; x_wconf 86' lang='lat' dir='ltr'>cf.</span> <span class='ocrx_word' id='word_1_505' title='bbox 282 1843 357 1896; x_wconf 92' lang='grc' dir='ltr'>λίθος</span> 
     </span>
    </p>

    <p class='ocr_par' dir='ltr' id='par_1_8' title="bbox 118 1913 677 2053">
     <span class='ocr_line' id='line_1_79' title="bbox 118 1913 677 1983; baseline -0.002 -16"><span class='ocrx_word' id='word_1_506' title='bbox 118 1914 321 1982; x_wconf 86' lang='grc' dir='ltr'>κατωφερές.</span> <span class='ocrx_word' id='word_1_507' title='bbox 354 1921 396 1983; x_wconf 78' lang='grc' dir='ltr'>τῷ</span> <span class='ocrx_word' id='word_1_508' title='bbox 419 1913 487 1981; x_wconf 88' lang='grc' dir='ltr'>λίθῳ</span> <span class='ocrx_word' id='word_1_509' title='bbox 510 1915 544 1967; x_wconf 86' lang='grc' dir='ltr'>τὸ</span> <span class='ocrx_word' id='word_1_510' title='bbox 567 1931 591 1968; x_wconf 92' lang='grc' dir='ltr'>κ.</span> <span class='ocrx_word' id='word_1_511' title='bbox 611 1915 677 1967; x_wconf 87' lang='grc' dir='ltr'>καθ’</span> 
     </span>
     <span class='ocr_line' id='line_1_80' title="bbox 151 1987 521 2053; baseline -0.005 -13"><span class='ocrx_word' id='word_1_512' title='bbox 151 1987 320 2053; x_wconf 90' lang='grc' dir='ltr'>εἱμαρμένην</span> <span class='ocrx_word' id='word_1_513' title='bbox 339 1987 449 2039; x_wconf 86' lang='grc' dir='ltr'>δέδοται</span> <span class='ocrx_word' id='word_1_514' title='bbox 470 1990 521 2038; x_wconf 90' lang='grc'>110</span> 
     </span>
    </p>
   </div>
   <div class='ocr_carea' id='block_1_4' title="bbox 768 2838 1372 3761">
    <p class='ocr_par' dir='ltr' id='par_1_9' title="bbox 768 2838 1372 3761">
     <span class='ocr_line' id='line_1_81' title="bbox 768 2838 1294 2965; baseline 0.006 -74"><span class='ocrx_word' id='word_1_515' title='bbox 768 2838 982 2964; x_wconf 45' lang='grc' dir='ltr'>ξὲιριίααηῖὲυια</span> <span class='ocrx_word' id='word_1_516' title='bbox 1001 2838 1294 2965; x_wconf 49' lang='grc' dir='ltr'>ιαοίίιίἰοὲύὲ,1ἶξ1ιιιδίί1-</span> 
     </span>
     <span class='ocr_line' id='line_1_82' title="bbox 769 2926 1294 3062; baseline 0.006 -29"><span class='ocrx_word' id='word_1_517' title='bbox 769 2926 910 3062; x_wconf 45' lang='grc' dir='ltr'>ἀειξιᾞ.ἣιιί</span> <span class='ocrx_word' id='word_1_518' title='bbox 924 2926 1117 3035; x_wconf 54' lang='grc' dir='ltr'>ἰάιέἰὲἓῃωιῖαὲ</span> <span class='ocrx_word' id='word_1_519' title='bbox 1135 2927 1294 3048; x_wconf 55' lang='grc' dir='ltr'>ηυίἀεαῖρύί</span> 
     </span>
     <span class='ocr_line' id='line_1_83' title="bbox 770 3052 1293 3120; baseline 0.002 -14"><span class='ocrx_word' id='word_1_520' title='bbox 770 3054 798 3106; x_wconf 75' lang='grc' dir='ltr'>οἱ</span> <span class='ocrx_word' id='word_1_521' title='bbox 816 3052 928 3106; x_wconf 74' lang='lat' dir='ltr'><strong>initium</strong></span> <span class='ocrx_word' id='word_1_522' title='bbox 948 3052 1183 3120; x_wconf 68' lang='lat' dir='ltr'><strong>praecipitantiae</strong></span> <span class='ocrx_word' id='word_1_523' title='bbox 1197 3052 1293 3120; x_wconf 81' lang='lat' dir='ltr'><strong>fueris,</strong></span> 
     </span>
     <span class='ocr_line' id='line_1_84' title="bbox 770 3121 1294 3193; baseline 0.002 -17"><span class='ocrx_word' id='word_1_524' title='bbox 770 3140 834 3177; x_wconf 84' lang='lat' dir='ltr'>mox</span> <span class='ocrx_word' id='word_1_525' title='bbox 848 3126 944 3178; x_wconf 80' lang='lat' dir='ltr'><strong>tamon</strong></span> <span class='ocrx_word' id='word_1_526' title='bbox 958 3123 1007 3177; x_wconf 84' lang='lat' dir='ltr'><strong>ille</strong></span> <span class='ocrx_word' id='word_1_527' title='bbox 1017 3138 1152 3193; x_wconf 76' lang='lat' dir='ltr'>praeceps</span> <span class='ocrx_word' id='word_1_528' title='bbox 1162 3121 1294 3192; x_wconf 74' lang='lat' dir='ltr'><strong>volvitui,</strong></span> 
     </span>
     <span class='ocr_line' id='line_1_85' title="bbox 769 3194 1294 3321; baseline 0.004 -2"><span class='ocrx_word' id='word_1_529' title='bbox 769 3194 1159 3321; x_wconf 54' lang='lat' dir='ltr'>quiniiimiiaiiiiiffli</span> <span class='ocrx_word' id='word_1_530' title='bbox 1186 3195 1294 3321; x_wconf 58' lang='lat' dir='ltr'>422³?ss</span> 
     </span>
     <span class='ocr_line' id='line_1_86' title="bbox 768 3281 1372 3407; baseline 0.005 -17"><span class='ocrx_word' id='word_1_531' title='bbox 768 3281 892 3406; x_wconf 49' lang='grc' dir='ltr'>ἱνιξοίιροιο</span> <span class='ocrx_word' id='word_1_532' title='bbox 915 3337 970 3390; x_wconf 84' lang='lat' dir='ltr'><strong>nisi</strong></span> <span class='ocrx_word' id='word_1_533' title='bbox 992 3308 1168 3407; x_wconf 52' lang='lat' dir='ltr'><strong>pulaninoxi</strong></span> <span class='ocrx_word' id='word_1_534' title='bbox 1191 3339 1294 3406; x_wconf 69' lang='grc' dir='ltr'>ροίοοί,</span> <span class='ocrx_word' id='word_1_535' title='bbox 1368 3330 1372 3336; x_wconf 74' lang='grc'><strong>’</strong></span> 
     </span>
     <span class='ocr_line' id='line_1_87' title="bbox 771 3408 1293 3476; baseline 0 -14"><span class='ocrx_word' id='word_1_536' title='bbox 771 3425 834 3462; x_wconf 80' lang='lat' dir='ltr'>cum</span> <span class='ocrx_word' id='word_1_537' title='bbox 859 3408 963 3462; x_wconf 77' lang='lat' dir='ltr'><strong>accidit</strong></span> <span class='ocrx_word' id='word_1_538' title='bbox 988 3410 1086 3476; x_wconf 74' lang='lat' dir='ltr'>suapte</span> <span class='ocrx_word' id='word_1_539' title='bbox 1112 3409 1214 3462; x_wconf 70' lang='lat' dir='ltr'>natura</span> <span class='ocrx_word' id='word_1_540' title='bbox 1237 3409 1293 3462; x_wconf 86' lang='lat' dir='ltr'><strong>vol·</strong></span> 
     </span>
     <span class='ocr_line' id='line_1_88' title="bbox 770 3479 1295 3547; baseline 0 -13"><span class='ocrx_word' id='word_1_541' title='bbox 770 3479 846 3534; x_wconf 78' lang='lat' dir='ltr'><strong>viiur</strong></span> <span class='ocrx_word' id='word_1_542' title='bbox 876 3484 934 3534; x_wconf 91' lang='grc'><strong>147.</strong></span> <span class='ocrx_word' id='word_1_543' title='bbox 976 3481 1069 3533; x_wconf 90' lang='grc' dir='ltr'>πάντα</span> <span class='ocrx_word' id='word_1_544' title='bbox 1097 3479 1295 3547; x_wconf 88' lang='grc' dir='ltr'>ἀφωριςμένως</span> 
     </span>
     <span class='ocr_line' id='line_1_89' title="bbox 768 3549 1295 3621; baseline 0 -17"><span class='ocrx_word' id='word_1_545' title='bbox 768 3552 927 3618; x_wconf 89' lang='grc' dir='ltr'>πράττομεν</span> <span class='ocrx_word' id='word_1_546' title='bbox 950 3549 1146 3618; x_wconf 86' lang='grc' dir='ltr'>παραπληςὶως</span> <span class='ocrx_word' id='word_1_547' title='bbox 1163 3558 1206 3621; x_wconf 80' lang='grc' dir='ltr'>τῷ</span> <span class='ocrx_word' id='word_1_548' title='bbox 1225 3552 1295 3606; x_wconf 89' lang='grc' dir='ltr'>κατὰ</span> 
     </span>
     <span class='ocr_line' id='line_1_90' title="bbox 768 3623 1293 3691; baseline 0.002 -15"><span class='ocrx_word' id='word_1_549' title='bbox 768 3628 893 3690; x_wconf 89' lang='grc' dir='ltr'>πρανούς</span> <span class='ocrx_word' id='word_1_550' title='bbox 916 3623 1068 3691; x_wconf 86' lang='grc' dir='ltr'>κυλιομένῳ</span> <span class='ocrx_word' id='word_1_551' title='bbox 1088 3640 1112 3676; x_wconf 91' lang='grc' dir='ltr'>κ.</span> <span class='ocrx_word' id='word_1_552' title='bbox 1133 3627 1192 3677; x_wconf 85' lang='grc'><strong>106.</strong></span> <span class='ocrx_word' id='word_1_553' title='bbox 1229 3623 1293 3677; x_wconf 75' lang='lat' dir='ltr'>add.</span> 
     </span>
     <span class='ocr_line' id='line_1_91' title="bbox 771 3694 1294 3761; baseline 0.004 -15"><span class='ocrx_word' id='word_1_554' title='bbox 771 3695 944 3761; x_wconf 85' lang='grc' dir='ltr'>ἐνεχθήςεται</span> <span class='ocrx_word' id='word_1_555' title='bbox 958 3695 973 3746; x_wconf 90' lang='grc' dir='ltr'>δ</span> <span class='ocrx_word' id='word_1_556' title='bbox 988 3695 1071 3757; x_wconf 90' lang='grc' dir='ltr'>λόγος</span> <span class='ocrx_word' id='word_1_557' title='bbox 1085 3694 1130 3747; x_wconf 87' lang='grc' dir='ltr'>διὰ</span> <span class='ocrx_word' id='word_1_558' title='bbox 1143 3694 1294 3749; x_wconf 87' lang='grc' dir='ltr'>πάντων..</span> 
     </span>
    </p>
   </div>
   <div class='ocr_carea' id='block_1_5' title="bbox 156 4195 721 4405">
    <p class='ocr_par' dir='ltr' id='par_1_10' title="bbox 156 4195 721 4405">
     <span class='ocr_line' id='line_1_92' title="bbox 156 4195 721 4264; baseline -0.009 -13"><span class='ocrx_word' id='word_1_559' title='bbox 156 4198 207 4264; x_wconf 89' lang='grc' dir='ltr'>ρὸν</span> <span class='ocrx_word' id='word_1_560' title='bbox 222 4202 247 4251; x_wconf 87' lang='grc'>9,</span> <span class='ocrx_word' id='word_1_561' title='bbox 275 4198 349 4264; x_wconf 79' lang='grc' dir='ltr'>ζῷον</span> <span class='ocrx_word' id='word_1_562' title='bbox 364 4197 409 4248; x_wconf 92' lang='grc' dir='ltr'>καί</span> <span class='ocrx_word' id='word_1_563' title='bbox 423 4195 535 4259; x_wconf 89' lang='grc' dir='ltr'>λογικὸν</span> <span class='ocrx_word' id='word_1_564' title='bbox 550 4196 594 4247; x_wconf 88' lang='grc' dir='ltr'>καί</span> <span class='ocrx_word' id='word_1_565' title='bbox 614 4211 682 4261; x_wconf 90' lang='grc' dir='ltr'>φρο-</span> <span class='ocrx_word' id='word_1_566' title='bbox 715 4237 721 4246; x_wconf 91' lang='grc'><strong>.</strong></span> 
     </span>
     <span class='ocr_line' id='line_1_93' title="bbox 156 4265 681 4322; baseline -0.011 0"><span class='ocrx_word' id='word_1_567' title='bbox 156 4274 225 4322; x_wconf 86' lang='grc' dir='ltr'>νούν</span> <span class='ocrx_word' id='word_1_568' title='bbox 251 4269 297 4319; x_wconf 86' lang='grc' dir='ltr'>καί</span> <span class='ocrx_word' id='word_1_569' title='bbox 319 4267 382 4320; x_wconf 87' lang='grc' dir='ltr'>θεός</span> <span class='ocrx_word' id='word_1_570' title='bbox 403 4271 445 4320; x_wconf 91' lang='grc'>10.</span> <span class='ocrx_word' id='word_1_571' title='bbox 482 4266 546 4320; x_wconf 79' lang='lat' dir='ltr'>add.</span> <span class='ocrx_word' id='word_1_572' title='bbox 571 4265 627 4320; x_wconf 84' lang='lat' dir='ltr'>Cic.</span> <span class='ocrx_word' id='word_1_573' title='bbox 647 4265 681 4317; x_wconf 88' lang='lat' dir='ltr'>N.</span> 
     </span>
     <span class='ocr_line' id='line_1_94' title="bbox 158 4335 683 4405; baseline -0.008 -13"><span class='ocrx_word' id='word_1_574' title='bbox 158 4340 191 4394; x_wconf 91' lang='lat' dir='ltr'>D.</span> <span class='ocrx_word' id='word_1_575' title='bbox 211 4337 238 4390; x_wconf 90' lang='lat' dir='ltr'>H</span> <span class='ocrx_word' id='word_1_576' title='bbox 259 4343 300 4404; x_wconf 90' lang='lat'>14,</span> <span class='ocrx_word' id='word_1_577' title='bbox 319 4342 353 4390; x_wconf 87' lang='grc'>38</span> <span class='ocrx_word' id='word_1_578' title='bbox 364 4354 403 4405; x_wconf 87' lang='lat' dir='ltr'>sq.</span> <span class='ocrx_word' id='word_1_579' title='bbox 441 4336 481 4391; x_wconf 82' lang='grc' dir='ltr'>εἷς</span> <span class='ocrx_word' id='word_1_580' title='bbox 506 4342 564 4390; x_wconf 82' lang='grc' dir='ltr'>τῶν</span> <span class='ocrx_word' id='word_1_581' title='bbox 588 4335 683 4404; x_wconf 86' lang='grc' dir='ltr'>φρονί-</span> 
     </span>
    </p>
   </div>
   <div class='ocr_carea' id='block_1_6' title="bbox 159 4409 693 4554">
    <p class='ocr_par' dir='ltr' id='par_1_11' title="bbox 159 4409 693 4554">
     <span class='ocr_line' id='line_1_95' title="bbox 159 4409 685 4477; baseline -0.008 -14"><span class='ocrx_word' id='word_1_582' title='bbox 159 4427 219 4477; x_wconf 89' lang='grc' dir='ltr'>μων</span> <span class='ocrx_word' id='word_1_583' title='bbox 248 4409 511 4473; x_wconf 89' lang='grc' dir='ltr'>ςυμπολιτευδμενος</span> <span class='ocrx_word' id='word_1_584' title='bbox 539 4413 612 4462; x_wconf 81' lang='grc' dir='ltr'>θεοῖς</span> <span class='ocrx_word' id='word_1_585' title='bbox 639 4409 685 4459; x_wconf 85' lang='grc' dir='ltr'>καί</span> 
     </span>
     <span class='ocr_line' id='line_1_96' title="bbox 176 4505 693 4554; baseline -0.014 -4"><span class='ocrx_word' id='word_1_586' title='bbox 176 4509 256 4550; x_wconf 74' lang='lat' dir='ltr'><strong>Jahrb.</strong></span> <span class='ocrx_word' id='word_1_587' title='bbox 271 4507 287 4546; x_wconf 76' lang='lat' dir='ltr'>f.</span> <span class='ocrx_word' id='word_1_588' title='bbox 301 4507 368 4547; x_wconf 74' lang='lat' dir='ltr'><strong>class.</strong></span> <span class='ocrx_word' id='word_1_589' title='bbox 382 4507 465 4546; x_wconf 84' lang='lat' dir='ltr'><strong>Philol.</strong></span> <span class='ocrx_word' id='word_1_590' title='bbox 481 4506 558 4554; x_wconf 82' lang='lat' dir='ltr'><strong>Suppl.</strong></span> <span class='ocrx_word' id='word_1_591' title='bbox 572 4507 615 4546; x_wconf 84' lang='lat' dir='ltr'>Bd.</span> <span class='ocrx_word' id='word_1_592' title='bbox 629 4505 693 4545; x_wconf 85' lang='lat' dir='ltr'><strong>XIV.</strong></span> 
     </span>
    </p>
   </div>
   <div class='ocr_carea' id='block_1_7' title="bbox 771 4404 1294 4547">
    <p class='ocr_par' dir='ltr' id='par_1_12' title="bbox 771 4404 1294 4547">
     <span class='ocr_line' id='line_1_97' title="bbox 771 4404 1294 4472; baseline 0.004 -14"><span class='ocrx_word' id='word_1_593' title='bbox 771 4411 823 4459; x_wconf 87' lang='grc' dir='ltr'>τού</span> <span class='ocrx_word' id='word_1_594' title='bbox 847 4409 884 4472; x_wconf 88' lang='grc' dir='ltr'>μὴ</span> <span class='ocrx_word' id='word_1_595' title='bbox 908 4409 1124 4460; x_wconf 87' lang='grc' dir='ltr'>είναιτοιοθτος</span> <span class='ocrx_word' id='word_1_596' title='bbox 1144 4404 1232 4459; x_wconf 91' lang='grc'><strong>1491.</strong></span> <span class='ocrx_word' id='word_1_597' title='bbox 1254 4412 1294 4460; x_wconf 86' lang='lat'>19.</span> 
     </span>
     <span class='ocr_line' id='line_1_98' title="bbox 1049 4498 1083 4547; baseline -0.029 0"><span class='ocrx_word' id='word_1_598' title='bbox 1049 4498 1083 4547; x_wconf 80' lang='lat'>50</span> 
     </span>
    </p>
   </div>
   <div class='ocr_carea' id='block_1_8' title="bbox 0 0 1439 4852">
    <p class='ocr_par' dir='ltr' id='par_1_13' title="bbox 0 0 1439 4852">
     <span class='ocr_line' id='line_1_99' title="bbox 0 0 1439 4852; baseline 0 0"><span class='ocrx_word' id='word_1_599' title='bbox 0 0 1439 4852; x_wconf 95' lang='lat' dir='ltr'> </span> 
     </span>
    </p>
   </div>
  </div>
 </body>
</html>
