2856 4852
154 249 218 315 740
606 249 736 305 ΔΙίιοάπε
755 249 875 305 Goroke:

152 413 197 479 ῶε
220 415 281 492 γάρ
304 417 370 477 τῶν
393 411 606 489 ὑγιαινόντων
629 411 696 478 ύ(οι
719 414 778 492 μὲν
802 411 945 477 ἀεθενεῖ(
967 410 1060 476 ὄντε(
1083 413 1143 490 τὴν
1162 411 1260 491 φύειν
1277 413 1323 475 διδ

151 508 208 583 τῆ(
233 503 349 568 οἰκεία(
372 501 553 580 ἐπιμελείας
577 502 633 566 εἰεὶ
655 506 804 581 τοιοῦτοι,
828 501 963 565 τούτου(
987 502 1044 580 μέν
1066 501 1265 579 ἑπαιναύμεν
1284 499 1322 564 ιδ(

153 592 277 655 ἑαυτῶν
301 589 458 669 πρόνοιαν
480 593 539 670 τὴν
559 593 779 670 προεήκουεαν
803 591 1023 673 ποιουμένους,
1047 587 1092 653 δι’
1110 591 1151 669 ἢν
1170 587 1323 668 πρόνοιαν

112 695 138 736 ³⁶
153 679 211 744 ούκ
233 680 310 744 εἰειν
333 681 371 744 ἐν
393 685 439 765 τῷ
462 684 581 744 νοεεῖν·
604 681 680 743 τοὺ(
704 681 740 743 δὲ
763 681 798 743 ἐκ
822 679 949 758 φύεεω(
971 679 1130 755 ύγιεινούε
1154 679 1207 743 καί
1226 679 1322 759 [τούε]

152 768 235 853 <μὴ>
265 773 439 834 νοεοῦντα(
472 766 549 833 ἄνευ
584 768 799 848 πραγματεία(
831 769 883 833 καὶ
914 768 1100 846 φροντίδων
1132 766 1239 854 οὐκέτι
1272 767 1324 845 μέν

151 861 358 936 ἐπαινοῦμεν,
392 857 603 936 μακαρίζομεν
631 859 667 920 δὲ
695 857 739 921 ῶε
767 858 863 935 χωρῖε
896 855 1046 935 καμάτων
1076 858 1117 936 [p.
1143 856 1201 935 86]
1231 860 1324 943 τούτο

151 946 295 1025 έχονταε,
314 948 333 1010 ὃ
352 946 402 1009 καῖ
421 950 489 1010 τοῖ(
508 944 619 1009 ἄλλοι(
638 944 814 1024 ἀγαπητόν,
834 946 861 1010 εἰ
879 946 930 1009 καὶ
949 946 1028 1024 μετὰ
1047 944 1190 1021 καμάτου
1206 944 1325 1024 παρείη.

151 1037 210 1099 τὸν
234 1033 480 1112 αὐτὸντρόπον
507 1036 526 1113 ἢ
550 1035 601 1098 καὶ
625 1034 671 1098 ἔτι
695 1038 818 1113 μάλλον
842 1035 895 1098 ἐπὶ
919 1037 985 1098 τῶν
1011 1033 1137 1113 ἀρετῶν
1155 1035 1326 1111 ἐποιοῦμεν

110 1140 138 1179 ω
152 1123 200 1202 ἄν,
225 1124 252 1188 εί
275 1124 354 1203 ἠεαν
377 1123 413 1187 ἐκ
436 1123 563 1203 φύεεῶε
586 1143 664 1187 τιειν
682 1127 848 1201 παρού(αι,
871 1122 953 1202 ὅπερ
973 1121 1081 1199 ἀμέλει
1099 1126 1261 1201 ποιοῦμεν
1278 1123 1327 1186 ἐπὶ

150 1217 217 1278 τῶν
240 1215 334 1277 θεῶν.
366 1212 437 1275 ἐπεὶ
456 1213 491 1275 δὲ
511 1211 672 1276 ἀδύνατον
690 1213 765 1291 ἡμῖν
783 1216 890 1290 τοῦτο,
912 1213 963 1275 καὶ
982 1211 1079 1274 οὐδὲν
1097 1209 1264 1276 ἀδύνατον
1282 1214 1328 1274 δεῖ

151 1301 239 1380 παρὰ
266 1306 322 1379 τῆ(
349 1300 476 1379 φύεεω(
507 1299 654 1387 ἀπαιτεῖν
683 1296 777 1385 (αὕτη
806 1301 867 1377 γάρ
895 1305 1022 1383 δυνατῷ
1045 1319 1080 1363 τε
1103 1300 1156 1363 καὶ
1179 1298 1328 1382 ἀδυνάτῳ

151 1393 283 1470 μέτρον·
312 1389 475 1468 τελειότη(
503 1392 560 1466 μὲν
588 1389 650 1467 γὰρ
673 1390 693 1467 ἡ
716 1388 828 1469 ἀρετή,
855 1390 906 1452 καῖ
928 1389 948 1468 ἡ
971 1387 1108 1467 ἀκρότηε
1131 1393 1188 1467 τῆ(
1211 1388 1329 1453 οἰκεία(

151 1480 278 1557 φύεεωε
306 1477 454 1542 ἑκάετου·
486 1477 647 1543 ἀδύνατον
670 1479 706 1541 δὲ
729 1477 841 1542 άτελέ(
864 1499 893 1541 τι
917 1477 955 1541 ὂν
980 1478 1015 1541 ἐν
1038 1476 1214 1555 τελειότητι
1240 1475 1329 1555 εἶναι,

110 1584 138 1624 4⁶
153 1566 264 1631 ἀτελὲ(
284 1568 318 1630 δέ
338 1568 375 1630 τὸ
395 1566 572 1646 γενόμενον
592 1567 668 1631 εὐθὺ
687 1571 733 1650 τῷ
752 1565 925 1647 γενέεθαιλ·
950 1567 1026 1629 οὐδὲ
1045 1566 1103 1644 τὴν
1123 1563 1243 1646 ἀρετήν
1259 1564 1330 1630 οῖόν

150 1677 185 1719 τε
210 1656 268 1718 τόν
292 1654 465 1734 ἄνθρωπον
489 1661 597 1735 φῦναι.
628 1655 667 1719 ού
691 1657 752 1734 μὴν
776 1654 953 1735 ἀ(ύμβολο(
976 1656 996 1733 ἡ
1021 1655 1113 1733 φύει(
1136 1654 1227 1739 αὐτῷ
1252 1656 1330 1733 πρὸ(

151 1747 209 1823 τὴν
237 1749 342 1823 κτῆειν
371 1744 481 1823 αύτῆ(,
509 1742 586 1808 ἀλλ’
608 1744 676 1822 ἔχει
707 1742 786 1822 παρ’
810 1744 907 1823 αὐτῆ(
931 1742 1066 1822 δύναμίν
1088 1764 1123 1807 τε
1145 1744 1199 1807 καὶ
1222 1744 1329 1822 ἐπιτη-

152 1832 300 1911 δειότητα
329 1836 473 1912 δεκτικὴν
502 1834 613 1914 αὐτῆε,
642 1836 682 1912 ἣν
710 1833 806 1897 οὐδὲν
830 1836 896 1897 τῶν
920 1830 1029 1912 ἄλλων
1052 1833 1146 1915 ζῴων
1161 1831 1253 1911 Ιἔγει,
1280 1833 1331 1896 καὶ

152 1921 205 1985 διὰ
228 1924 322 2000 τήνδε
346 1923 405 2000 τὴν
428 1923 562 2000 δύναμιν
586 1921 605 1985 δ
629 1920 799 2000 άνθρωπο(
822 1925 888 1984 τῶν
908 1919 1017 1985 ἄλλων
1035 1922 1130 2005 ζῴων
1149 1921 1245 2000 φύεει
1264 1925 1328 1985 δια-

113 2027 140 2067 50
153 2012 246 2089 φέρει
274 2010 374 2074 καίτοι
403 2014 537 2074 πολλῶν
564 2011 658 2093 ζῴων
685 2009 942 2088 ἀπολείπόμενα(
975 2011 1012 2075 ἐν
1038 2014 1107 2074 τοῖε
1140 2014 1329 2088 εωματικοῖ(

151 2102 430 2178 πλεονεκτήμαειν.
472 2099 501 2163 εἰ
523 2101 581 2177 μὲν
605 2099 663 2164 οὖν
686 2099 790 2164 ούτω(
814 2098 944 2177 εἴχομεν
968 2097 1048 2177 παρ’
1070 2098 1169 2177 αύτῖγ(
1192 2101 1254 2178 τὴν
1275 2099 1327 2162 δύ-

151 2208 245 2266 ναμιν
272 2190 331 2266 τὴν
359 2191 425 2251 τῶν
455 2187 579 2266 ἀρετῶν
608 2190 752 2266 δεκτικὴν
775 2187 820 2251 ῶ(
842 2186 1012 2264 προῖόντε(
1034 2189 1086 2251 καὶ
1108 2188 1326 2267 τελειούμενοι

150 2278 202 2340 καὶ
229 2276 348 2355 ταύτην
379 2276 552 2356 λαμβάνειν
576 2273 634 2360 (ῶε
658 2277 695 2340 τὸ
719 2280 908 2354 περιπατεῖν
931 2274 976 2339 ῶ(
998 2276 1036 2339 τὸ
1061 2274 1199 2340 ὀδόντα(
1222 2275 1269 2340 ιδ(
1291 2277 1324 2339 τό

150 2367 260 2441 γένεια
287 2366 384 2442 φύειν
415 2364 459 2428 ιδ(
487 2364 568 2429 ἄλλο
596 2387 625 2429 τι
652 2369 718 2428 τῶν
747 2366 979 2443 ἐπιγινομένων
1007 2365 1082 2442 ἡμῖν
1105 2365 1187 2428 κατὰ
1210 2362 1322 2446 φύειν),

111 2469 138 2510 5⁵
153 2451 227 2518 οὐδ’
249 2453 354 2517 οὕτω(
382 2452 422 2518 ἂν
450 2451 508 2533 ἐφ’
530 2454 605 2533 ἡμῖν
633 2454 712 2534 ἦεαν
740 2453 772 2516 αἱ
795 2451 905 2531 ἀρεταί
929 2452 1035 2531 ὥεπερ
1058 2453 1136 2518 οὐδὲ
1160 2456 1228 2517 τῶν
1251 2473 1321 2531 προ-

152 2544 328 2621 ειρημένων
351 2561 393 2605 τι’
417 2543 488 2607 ἐπεὶ
511 2543 547 2606 δὲ
572 2543 611 2621 μὴ
635 2546 753 2606 τοῦτον
775 2543 833 2606 τὸν
856 2540 979 2621 τρόπον
1002 2542 1100 2606 αύτάε
1119 2541 1267 2620 κτώμεθα
1285 2539 1320 2625 (εἰ

152 2632 214 2709 γάρ
238 2631 278 2710 ἦν
301 2630 407 2709 ὥεπερ
431 2631 471 2695 τὰ
494 2628 578 2695 ἄλλα
601 2631 705 2703 ρύτω(
723 2632 759 2694 δὲ
778 2632 829 2694 καὶ
849 2629 1000 2709 φρόνηεί(
1019 2651 1053 2694 τε
1073 2630 1124 2694 καὶ
1143 2630 1243 2710 ἀρετὴ
1260 2634 1319 2694 τοῖ(

154 2719 337 2798 ἀνθρώποι(
356 2725 502 2798 ευγγενῆ,
522 2719 640 2783 πάντεε
655 2719 695 2783 ἂν
709 2722 728 2798 ἣ
744 2719 776 2783 οἵ
790 2740 827 2795 γε
847 2722 988 2783 πλεῖετοι
1008 2718 1114 2798 ὥεπερ
1133 2723 1201 2784 τῶν
1220 2717 1318 2783 ἄλλων

152 2809 233 2872 κατὰ
256 2809 364 2885 φύειν,
398 2808 503 2872 αύτωε
526 2808 745 2887 τυγχάνουειν,
769 2809 873 2872 ούτω(
895 2807 935 2871 ού
954 2809 1012 2887 τὴν
1031 2808 1167 2886 δύναμιν
1184 2809 1245 2887 τὴν
1260 2810 1316 2871 τῶν

113 2917 140 2956 τα
153 2897 278 2975 ἀρετῶν
302 2899 445 2975 δεκτικὴν
469 2896 570 2975 μόνην
592 2896 750 2960 ἀλλὰκαὶ
772 2897 829 2960 τά(
851 2895 968 2975 ἀρετάε
991 2895 1089 2960 αύτάε
1108 2895 1189 2976 παρ’
1208 2895 1316 2973 ἐκείνη(

152 2986 193 3050 ἂν
216 2985 359 3065 είχομεν,
389 2986 440 3049 καί
463 2985 561 3050 οὐδὲν
584 2983 659 3049 οὐδ’
681 2985 784 3048 οὕτω(
808 2984 848 3048 ἂν
871 2983 936 3050 ἔδει
960 2984 1104 3050 ἐπαίνων
1125 2988 1145 3065 ἢ
1170 2984 1314 3064 ψόγωνῆ

152 3076 239 3139 τινὸε
262 3075 513 3153 τῶντοιούτων,
538 3075 590 3138 ἐπὶ
610 3075 644 3138 δὲ
664 3078 733 3138 ταῑε
752 3072 880 3151 ἀρεταί(
899 3094 933 3138 τε
953 3075 1004 3138 καὶ
1022 3074 1143 3138 κακίαι(
1162 3077 1315 3152 θειοτέραν

152 3163 314 3243 πρόφαείν
341 3184 375 3228 τε
404 3165 456 3227 καὶ
483 3163 594 3228 ούείαν
616 3168 672 3243 τῆ(
696 3162 869 3242 παρουείαε
893 3162 1001 3227 αὐτῶν
1024 3162 1169 3245 εἴχομεν)
1197 3198 1232 3211 -·
1255 3160 1314 3226 ἐπεὶ

153 3251 186 3316 δ’
210 3252 270 3330 οὐχ
301 3252 406 3316 οὕτω(
434 3251 501 3331 ἔχει
530 3252 583 3334 (ού
610 3253 672 3331 γάρ
698 3253 774 3316 τοὺ(
802 3251 925 3315 πάντα(
953 3251 1030 3315 οὐδὲ
1058 3253 1133 3316 τού(
1162 3251 1314 3317 πλείετου(

114 3358 141 3398 ω
155 3341 283 3420 ὁρῶμεν
301 3342 357 3404 τά(
376 3339 492 3419 ἀρετά(
511 3341 655 3420 έχονταε,
679 3342 698 3405 ὃ
716 3344 783 3404 τῶν
801 3340 881 3405 κατὰ
899 3340 995 3419 φύειν
1013 3342 1193 3419 γινομένων
1212 3341 1254 3421 [p.
1267 3335 1314 3414 88]

156 3429 284 3508 εημεῖόν
308 3430 405 3507 έετιν,
434 3428 509 3493 ἀλλ’
533 3429 700 3508 ἀγαπητὸν
724 3430 781 3493 ἕνα
804 3450 868 3493 που
892 3431 1003 3508 λαβεῖν
1026 3434 1190 3508 τοιοῦτον,
1218 3430 1254 3493 ὃ(
1279 3421 1316 3488 δι’

155 3518 313 3598 ἀεκήεεῶ(
336 3539 370 3582 τε
394 3521 446 3582 καὶ
469 3519 670 3582 διδαεκαλίαε
693 3518 848 3582 δείκνυειν
871 3519 929 3597 τὴν
952 3521 1018 3581 τῶν
1041 3516 1224 3596 ἀνθρώπων
1245 3513 1315 3594 πρὸ(

154 3610 195 3672 τὰ
218 3606 301 3671 ἄλλα
323 3611 390 3691 Ζῷα
414 3609 548 3687 φυτικὴν
572 3607 771 3686 πλεονεξίαν,
795 3605 839 3670 δι’
858 3607 957 3670 αὑτοῦ
976 3607 1154 3685 προετιθεί(
1171 3607 1210 3671 τὸ
1228 3605 1315 3678 ἀναν

157 3701 250 3761 καῖον
274 3697 387 3761 ἐνδέον
410 3698 501 3776 ἡμῶν
524 3703 561 3780 τῇ
585 3694 692 3782 φύεει)
713 3697 765 3760 διὰ
782 3700 879 3759 τούτο
898 3693 957 3774 ἐφ’
974 3697 1049 3773 ἡμῖν
1067 3716 1103 3759 τε
1122 3695 1241 3773 ἐετιν·ἡ
1258 3693 1316 3756 τῶν

116 3805 142 3844 τα
156 3784 281 3864 άρετῶν
299 3791 410 3864 κτῆειε,
434 3787 485 3850 καὶ
504 3785 562 3849 υύκ
580 3783 729 3864 άχρηετοι
749 3784 824 3849 οὐδὲ
844 3783 945 3863 μάτην
963 3783 1038 3849 ούτε
1058 3783 1089 3848 οἱ
1108 3784 1234 3848 ἔπαινοι
1251 3778 1316 3845 οὔτε

56 3918 59 3924 -
156 3874 187 3938 οἱ
211 3873 310 3951 ψόγοι
333 3874 408 3940 οὔτε
433 3874 465 3938 αί
488 3875 568 3952 πρό(
594 3875 707 3954 βελτίω
730 3873 911 3951 προτροπαὶ
939 3871 1054 3952 ούθ’ἡ
1082 3873 1135 3937 διὰ
1161 3876 1228 3937 τῶν
1253 3869 1315 3951 fiel·

155 3962 274 4026 τιόνων
297 3963 381 4028 ἐθῶν
405 3963 484 4027 κατά
506 3965 582 4028 τού(
606 3963 725 4042 νόμουε
743 3961 863 4041 ἀγωγή.
897 3964 963 4025 τῶν
982 3961 1120 4041 μὲνγὰρ
1140 3955 1316 4041 φύεειτιείν

155 4051 370 4130 ὑπαρχόντων
389 4052 485 4117 οὐδὲν
499 4051 606 4117 οἷόντε
625 4051 690 4116 ύπό
708 4071 794 4116 τινοε
813 4049 906 4115 ἔθου(
925 4048 1061 4115 ἀλλοῖον
1083 4053 1228 4128 γενέεθαι
1250 4042 1315 4131 (οὐχ

156 4139 242 4204 οὕτω
266 4140 419 4205 πολλάκι(
438 4142 475 4205 τὸ
496 4141 591 4222 βάρο(
611 4141 688 4219 ἔχον
707 4141 983 4218 άναρριφθήεεται,
1007 4138 1052 4204 ιδ(
1070 4141 1228 4219 ἐθιεθῆναι
1245 4127 1315 4201 κατὰ

116 4249 142 4291 τι
156 4231 215 4307 τὴν
238 4229 339 4294 αὐτοῦ
362 4232 457 4310 φύειν
481 4229 549 4295 ἄνω
573 4226 746 4316 φέρεεθαι),
770 4228 811 4291 τά
833 4229 868 4290 δὲ
892 4228 951 4306 ἤθη
970 4232 1036 4292 τῶν
1055 4227 1236 4307 ἀνθρώπων
1251 4214 1314 4288 tot&

156 4320 207 4381 καῖ
229 4320 301 4383 τοιά
324 4321 376 4383 διά
398 4323 465 4385 τῶν
488 4318 710 4399 διαφερόντων
733 4321 818 4384 ἐθῶν
845 4315 974 4392 γίνεται.
1017 4317 1068 4380 καὶ
1095 4319 1149 4381 ἐπὶ
1175 4318 1233 4395 μὲν
1256 4311 1314 4376 τῶν

83 4415 84 4419 ’
156 4409 249 4486 φύεει
272 4408 402 4487 πρῶτα(
424 4409 481 4473 τά(
501 4408 784 4487 ἕξειε’κτη(άμενοι
803 4404 906 4469 οὕτω(
925 4406 1120 4486 ένεργούμεν
1138 4404 1211 4471 κατ’
1227 4396 1313 4468 αὐτὰ(
