2856 4852
640 275 822 349 osquppss
1251 274 1317 341 725

139 441 293 502 dialectici
312 434 481 524 appellant)
500 445 554 501 aut
572 461 644 503 vers
662 448 716 503 aut
733 443 811 502 folsa
830 442 896 503 erit.
933 459 1038 501 causas
1057 442 1135 501 enim
1159 441 1315 502 efficientis

139 533 223 608 quod
241 551 302 592 non
320 531 452 611 habebit,
467 532 502 609 id
520 549 574 591 nec
593 551 698 592 verum
716 550 771 592 nec
785 532 894 591 falsum
909 531 980 608 erit3
999 531 1095 590 omnis
1109 534 1211 590 autem
1226 551 1318 591 enun-

139 621 229 680 tiatio
249 624 304 680 aut
322 639 394 681 vera
412 624 467 680 eut
484 620 562 680 falsa
575 626 635 680 est:
654 624 752 681 motus
768 639 840 698 ergo
855 620 918 680 sinc
932 638 1023 680 causa
1036 621 1137 680 nullus
1155 624 1210 682 est
1238 622 1317 698 quod
1376 656 1378 660 =

141 712 167 769 si
191 711 236 770 ite
260 713 320 787 est,
344 711 444 770 omnia
467 729 543 788 quae
566 709 643 768 finnt
665 711 762 770 causis
785 710 862 768 fiunt
885 709 1081 786 antegressis3
1105 709 1136 767 id
1154 710 1181 769 si
1199 711 1244 769 ita
1262 714 1344 783 este

141 800 205 859 fato
224 801 324 859 omnia
342 799 430 858 fiunt:
451 799 582 859 efficitur
600 800 694 876 igitur
712 800 775 859 fato
793 794 860 859 fieri
880 816 1084 876 quaecumque
1102 798 1184 860 fiant.

214 898 283 954 ibid.
306 905 346 966 10,
365 904 400 954 90
409 915 449 967 sq.
476 899 536 953 otia
553 899 706 953 uideamus:
724 899 863 953 concludit
881 899 953 953 enim
973 896 1144 978 Clnyeippns
1161 898 1211 952 hec
1227 897 1318 952 nodo:

144 971 187 1026 ‘n'
205 977 245 1024 est
262 1001 298 1010 —
316 970 402 1037 fiont’
488 976 504 1023 9
528 970 685 1038 efficientis:
712 968 811 1025 dubito
834 986 871 1024 an
894 970 1035 1024 adiectum
1058 972 1097 1024 s1t
1115 969 1151 1024 ab
1169 967 1318 1024 Antiocho.

213 1040 289 1096 infra
306 1047 369 1107 §21
388 1041 485 1111 itaque
508 1041 653 1095 contendit
671 1039 761 1096 omnis
781 1057 881 1095 nervos
900 1040 1081 1110 Chrysippus,
1100 1043 1133 1095 ut
1153 1039 1320 1109 persuadeat

144 1130 226 1167 omne
236 1113 343 1179 ἀξίωμα
353 1112 403 1166 sut
411 1129 508 1166 verum
518 1129 577 1167 esse
588 1114 638 1166 aut
646 1110 757 1166 falsum.
774 1113 803 1166 et
813 1117 855 1179 16,
866 1115 900 1166 38
911 1111 1054 1167 tenebitur
1060 1109 1189 1185 <igitur>
1195 1111 1233 1179 id,
1244 1110 1320 1180 quod

144 1201 161 1238 a
175 1183 333 1253 Chrysippo
350 1182 518 1250 detenditur,
533 1199 643 1237 omnem
659 1181 880 1238 enuntiationem
895 1185 945 1236 ant
958 1199 1053 1237 veram
1067 1183 1117 1236 aut
1129 1183 1230 1236 falsam
1249 1198 1318 1237 esse.

214 1255 281 1310 fort.
306 1255 393 1309 etiarn
416 1254 611 1309 antecedentia
634 1253 731 1323 Chrysi
751 1270 805 1324 psa
823 1255 889 1308 sunt
915 1253 982 1309 inde
1000 1271 1017 1308 ο
1035 1254 1082 1308 sed
1105 1270 1139 1308 en
1161 1254 1321 1308 aeternitate

144 1331 220 1392 §37-
250 1324 703 1395 ctCic.Ac.1129,95;Dieg.
779 1328 813 1382 rt
833 1325 885 1379 Vll
905 1329 947 1380 66.

236 1441 307 1502 ibid.
329 1443 383 1515 10,
404 1443 445 1500 21
537 1439 724 1516 Chrysippus
748 1442 869 1518 metuit,
891 1460 943 1516 ne,
967 1441 992 1498 si
1015 1440 1046 1499 id
1064 1458 1124 1499 nen
1147 1440 1321 1516 optinuerit,

145 1550 234 1590 omne
253 1531 334 1608 quod
352 1530 526 1589 enuntietur
544 1532 598 1589 aut
615 1549 718 1592 verum
739 1549 805 1590 esse
823 1534 877 1590 aut
894 1530 1017 1606 falsum,
1031 1547 1091 1588 non
1104 1532 1208 1588 teneat
1221 1529 1321 1589 omnia

145 1621 209 1680 fato
229 1619 297 1678 fieri
316 1622 346 1678 et
365 1638 401 1678 ex
419 1619 516 1679 causis
536 1621 666 1678 aeternis
684 1638 784 1678 rerum
803 1619 983 1678 futurarum.

101 1756 134 1822 78
236 1743 309 1803 ihid.
330 1747 380 1821 11,
399 1745 440 1802 26
465 1743 537 1820 quid
561 1747 607 1802 est
629 1761 682 1803 eur
703 1761 763 1801 non
787 1743 883 1804 omnis
907 1742 1072 1802 enuntiatio
1096 1747 1151 1802 aut
1172 1761 1245 1802 vcra
1268 1747 1322 1802 aut

144 1833 225 1892 falsa
243 1833 292 1910 sit,
310 1832 370 1890 nisi
385 1832 617 1891 concesserimus
630 1832 694 1890 feto
709 1831 774 1891 fieri
787 1851 991 1910 quaecumque
1004 1831 1102 1891 fiant?
1121 1832 1192 1910 quia
1207 1825 1323 1891 ‘future

144 1941 231 1998 vera,
254 1921 368 1997 inquit,
393 1939 453 1980 non
471 1925 598 1997 possunt
617 1939 683 1980 esse
701 1938 749 1996 ea,
773 1940 849 1997 qnae
868 1939 972 1980 causas
992 1939 1044 1979 cur
1062 1921 1165 1979 future
1184 1922 1244 1980 sint
1262 1940 1322 1980 non

144 2011 275 2070 habent:
303 2009 435 2068 habeant
458 2010 553 2086 igitur
577 2028 682 2069 causes
704 2028 825 2069 necesse
845 2011 892 2068 est
910 2027 1041 2085 eaquae
1064 2029 1137 2070 vere
1159 2015 1242 2068 sunt:
1271 2011 1322 2085 ite,

145 2119 215 2159 eum
235 2100 399 2175 evenerint
418 2099 481 2158 fato
501 2092 690 2158 evenerunt'.
1334 2111 1347 2151 e

223 2204 236 2250 1
256 2198 411 2251 enuntiatio
428 2196 570 2251 Davisius:
595 2199 791 2266 pronuntiatio
814 2197 894 2251 codd.
915 2201 944 2251 et
966 2197 1042 2264 edd,
1067 2197 1096 2250 id
1120 2197 1196 2266 quod
1214 2195 1321 2251 Gellius

145 2287 205 2324 non
227 2271 324 2325 tuetur
347 2268 387 2323 sic
406 2268 501 2322 dicens
520 2267 596 2334 (XVI
614 2271 642 2338 8)
662 2268 780 2335 ‘diluunt
800 2268 974 2338 appellatum
992 2273 1036 2324 est
1055 2310 1061 2323 .
1078 2313 1084 2325 .
1104 2285 1122 2322 a
1141 2311 1168 2324 ..
1189 2267 1322 2323 Cicerone

142 2341 389 2411 pronuntiatum,
412 2357 467 2408 qno
492 2337 542 2393 ille
561 2343 657 2394 tamen
674 2340 813 2395 vocabulo
831 2338 969 2409 tantisper
987 2340 1029 2394 uti
1048 2356 1078 2394 se
1097 2340 1253 2394 adtestatus
1272 2344 1322 2406 est,

146 2413 222 2481 ‘quo
241 2411 277 2466 ad
295 2410 403 2479 melius,
423 2409 528 2479 inquit,
547 2409 718 2465 invenero'.’
757 2411 814 2465 iam
834 2412 907 2464 enim
926 2412 1073 2466 invenerat
1092 2409 1200 2464 Tullius
1221 2411 1320 2464 ‘enen-

144 2485 311 2539 tiationem
330 2480 364 2540 ef.
384 2481 452 2537 ibid.
474 2488 497 2549 1,
518 2488 540 2535 1.
561 2487 603 2550 10,
622 2487 665 2536 90.
686 2487 782 2549 1911
802 2484 831 2535 et
849 2499 931 2552 saepe
1021 2487 1038 2534 9
1056 2483 1161 2552 inquit:
1179 2499 1216 2535 se.
1236 2478 1323 2550 Chry-

146 2556 247 2625 sippus
303 2559 407 2624 lonae
424 2570 489 2608 vero
506 2559 585 2608 sumt:
603 2554 668 2608 lort.
689 2554 774 2623 ‘qnae
790 2571 856 2608 vera
873 2555 973 2621 fntnra
991 2554 1072 2608 snnt’
1094 2553 1149 2622 Or,
1167 2553 1238 2607 heec
1256 2551 1323 2606 andi

220 2631 401 2681 teoenernnl
419 2625 606 2680 *revenerint

97 2754 134 2818 19
238 2740 312 2800 ibid.
332 2742 359 2814 7,
381 2741 421 2799 14
441 2739 542 2798 omnia
560 2740 637 2798 enim
657 2757 730 2799 rere
748 2739 779 2796 in
797 2739 970 2814 praeteritis
989 2738 1157 2798 necessaria
1181 2741 1264 2811 sunt,
1289 2741 1325 2795 ut

148 2830 320 2908 Chrysippo
338 2829 438 2905 placet
456 2828 646 2888 dissentienti
664 2846 682 2886 a
700 2827 846 2904 magistro
865 2827 1019 2901 Cleanthe,
1038 2827 1109 2904 qnia
1128 2831 1198 2885 sunt
1215 2827 1324 2884 immu-

146 2919 258 2980 tabilis
274 2937 331 2978 nec
347 2919 380 2976 in
396 2918 508 2976 fulsum
527 2935 543 2976 e
562 2936 633 2978 vero
652 2917 816 2993 praeterita
834 2919 960 2993 possunt
978 2919 1160 2976 convertere.

240 3008 309 3067 Arr.
332 3007 427 3090 Epict.
451 3006 521 3067 diss.
544 3005 576 3065 II
603 3008 714 3078 19,3:
761 3001 792 3065 oi
822 3003 858 3065 δὲ
885 2998 988 3065 τᾶλλα
1016 3001 1075 3064 δύο
1099 2997 1324 3085 (τηρήτουτιν),

147 3093 199 3157 ὅτι
228 3090 369 3156 δυνατόν
396 3088 429 3154 τ’
451 3090 549 3169 ἐττίν,
578 3091 597 3154 ὃ
620 3089 693 3155 οὔτ’
715 3089 799 3155 έττιν
823 3088 938 3169 ἀληθέτ
962 3088 1035 3154 οὔτ’
1057 3089 1155 3168 ἔτται,
1185 3090 1237 3153 καὶ
1259 3092 1325 3152 πᾶν

148 3181 374 3262 παρεληλυθὸτ
397 3178 514 3259 ἀληθὲς
536 3178 713 3257 ἀναγκαῖόν
735 3180 833 3244 ἐττιν·
856 3183 984 3263 δυνατῷ
1007 3179 1042 3243 δὲ
1066 3176 1228 3242 ἀδύνατον
1251 3177 1324 3241 ἀκο-

149 3275 270 3337 λουθεῑ.

223 3381 237 3428 1
254 3373 281 3428 οἳ
296 3374 339 3426 δέ’
361 3372 542 3442 Chrysippus,
562 3371 598 3427 el.
613 3377 628 3438 ξ
643 3377 668 3428 6.
682 3372 718 3426 de
732 3371 860 3427 doctrina
874 3389 957 3439 quam
972 3372 1070 3427 Prantl
1084 3371 1190 3443 (gesch.
1206 3370 1232 3425 d.
1247 3370 1326 3439 logilr

148 3447 246 3514 1466)
270 3444 344 3499 male
367 3443 520 3512 intellexit,
544 3443 579 3498 cf.
597 3443 718 3498 Jaeohus
741 3442 837 3499 Hatris
861 3444 936 3512 apud
962 3442 1260 3512 Schweighaeuserum
1283 3441 1326 3496 ed.

151 3523 220 3573 1799
241 3517 298 3570 111
317 3534 345 3585 p.
360 3520 510 3571 era-518.
543 3520 559 3580 ᾖ
578 3520 606 3569 91
627 3516 752 3584 γέγραφε
770 3517 865 3569 δὲκαὶ
884 3517 1037 3583 Χρύτιπποτ
1056 3518 1219 3580 θαυματτῶτ
1236 3514 1267 3566 ἐν
1285 3519 1327 3583 τῷ

148 3590 256 3658 πρώτῳ
275 3589 337 3655 περὶ
357 3588 486 3641 δυνατῶν
506 3627 534 3642 ..
553 3589 616 3654 περὶ
633 3586 818 3654 τοὺτου1(τοθ
838 3588 1034 3656 κυριεύοντος).

97 3715 140 3782 30
242 3700 932 3779 Ρ1111.11181οἱατορ.ο.46ρ.10550111
964 3695 983 3760 ὁ
1014 3698 1050 3760 δὲ
1082 3699 1148 3761 τῶν
1181 3696 1327 3759 δυνατῶν

151 3787 251 3864 λόγος
275 3787 357 3864 πρὸ(
379 3787 437 3850 τὸν
460 3790 517 3864 τῆ(
540 3784 729 3864 εἱμαρμένη(
751 3784 853 3862 λόγον
877 3786 964 3869 αὐτῷ
987 3788 1056 3848 ndo(
1080 3784 1120 3850 οὐ
1148 3781 1328 3864 μαχόμενότ

149 3878 249 3952 ἐττιν;
282 3874 310 3940 εἰ
337 3877 398 3953 γὰρ
423 3873 498 3939 ‘etr
525 3873 589 3938 ἔττι
617 3873 771 3952 δυνατόν,
802 3872 883 3952 ὅπερ
906 3876 925 3953 ἢ
954 3873 1037 3938 έττιν
1060 3872 1177 3952 ἀληθέτ
1199 3875 1219 3952 ἢ
1243 3871 1328 3935 έτται

150 3966 233 4031 κατὰ
255 3963 443 4042 Διόδωρον,
470 3961 553 4028 ἀλλὰ
581 3965 647 4026 πᾶν
673 3963 712 4026 τὸ
735 3963 933 4028 ἐπιδεκτικὸν
954 3966 1013 4027 τοῦ
1037 3962 1182 4038 γενέτθαι
1205 3961 1264 4026 κᾶν
1287 3962 1352 4040 μὴ.

151 4055 252 4137 μέλλῃ
280 4055 464 4133 γενήτετθαι
492 4051 632 4118 δυνατόν
662 4051 772 4131 ἐττιν’,
804 4052 890 4117 ἔτται
918 4053 1039 4117 δυνατὰ
1067 4053 1174 4115 πολλὰ
1196 4054 1263 4114 τῶν
1286 4051 1354 4128 μὴὸ

151 4142 228 4209 καθ’
251 4141 444 4222 εἱμαρμένην
468 4190 520 4206 ...

224 4253 240 4302 9
261 4248 353 4315 αὐτῷ·
372 4242 529 4314 Chrysippo

105 4356 141 4419 81
243 4359 330 4421 Alex.
345 4360 382 4419 de
395 4359 459 4419 fato
477 4363 518 4420 10
533 4354 573 4439 (p.
590 4362 631 4419 32
647 4351 710 4440 0.):
741 4353 877 4432 Ὅμοιον
900 4355 933 4419 δὲ
958 4353 1063 4436 τούτῳ
1087 4352 1139 4417 καὶ
1161 4352 1200 4415 τὸ
1223 4354 1331 4429 λέγειν

154 4443 516 4524 ‘restitueretur
535 4445 648 4523 αὔριον
667 4442 842 4523 ναυμαχὶα’
857 4443 973 4521 ἀληθὲτ
992 4443 1050 4521 μὲν
1069 4440 1151 4506 εἶναι
1169 4441 1329 4519 δύνατθαι,

165 4560 168 4566 ·
1061 4545 1118 4599 41*
