2856 4852
619 255 797 355 Οὐατίνιον·
1230 253 1294 322 709

115 416 168 480 καὶ
192 414 340 481 πολίταις
362 416 413 481 καὶ
435 415 476 481 τὰ
499 412 580 482 αὐτὰ
602 417 761 484 πείςεςθαι
784 418 836 482 καὶ
859 420 928 482 τοίς
947 415 1056 481 αὐτοῖς
1075 417 1293 484 ςυντεύξεςθαι
1308 433 1335 471 1⁰

115 506 168 570 καὶ
186 505 228 569 τὰ
246 504 328 570 αὐτὰ
346 510 608 584 μεταχειριεῖςθαι
627 508 678 571 καὶ
696 511 800 572 πᾶςαν
815 506 911 572 πόλιν
929 506 981 570 καὶ
999 506 1108 585 κώμην
1122 507 1174 571 καὶ
1192 505 1294 586 ἀγρὸν

116 593 237 673 δμοίως
261 591 534 659 άποιιαβίςταςθαι.
572 596 712 674 γίνεςθαι
731 597 766 660 δὲ
786 598 845 676 τὴν
864 593 1117 660 ἀποκατάςταςιν
1135 599 1194 659 τοῦ
1213 616 1294 660 παν-

115 684 171 746 τὸς
196 683 258 762 οὐχ
282 682 365 749 ἅπαξ
384 680 468 748 ἀλλὰ
485 684 649 765 πολλάκις,
674 686 851 764 μᾶλλονδὲ
871 684 916 750 εἰς
940 682 1145 763 ἄπειρονκαὶ
1164 683 1294 749 ἀτελευ-

115 775 221 853 τῆτως
244 772 285 837 τὰ
308 772 389 837 αὐτὰ
411 771 685 840 άποκαβίςταςθαι.

188 875 225 931 of.
245 875 335 931 Zeller
352 875 393 930 ΙΠ
407 876 438 931 1⁸
455 895 483 947 p.
504 883 563 944 154,
583 883 651 948 βοη.
671 879 700 933 οἰ
714 876 847 932 Ρα-Ρίιιί.
867 876 902 932 de
921 876 981 932 fato
996 894 1018 933 ο.
1034 883 1059 932 3.
1079 893 1150 946 quae
1165 878 1296 932 secuntur

117 949 151 1002 de
170 945 227 1002 diis
245 947 377 1003 videnmr
395 965 412 1003 ο
431 947 586 1019 Chrysippo
605 949 699 1005 aliena
717 965 785 1005 esse.
877 955 910 1003 12
929 950 1197 1017 ἀποκαταςτήςεςθαι
1216 947 1294 1003 Diels

95 1056 108 1120 ό
206 1063 259 1124 Ar.
283 1063 402 1140 Didym.
428 1064 465 1123 fr.
493 1065 534 1124 36
560 1054 602 1144 (p.
626 1065 705 1142 468,
729 1065 748 1123 8
772 1059 884 1144 Diels):
913 1056 1035 1138 ἀρέεκει
1059 1060 1094 1122 δὲ
1122 1062 1191 1123 τοῖς
1218 1079 1294 1137 πρε·

118 1146 283 1228 ςβυτάτοις
315 1152 380 1212 τῶν
412 1145 477 1213 άπὸ
507 1152 564 1226 τῆς
594 1147 744 1226 αἱρέςεως
776 1149 892 1227 ταύτης
924 1148 1160 1226 ἐξαιθερούςβαι
1190 1146 1296 1212 πάντα

117 1238 196 1301 κατὰ
221 1236 392 1317 περιόδους
415 1237 503 1302 τινὰς
531 1237 588 1300 τὰς
616 1236 761 1316 μεγίςτας
791 1236 835 1301 εἰς
862 1241 926 1316 πῦρ
954 1237 1128 1315 αἰθερῶδες
1157 1235 1294 1300 άναλυο-

117 1327 225 1404 μένων
248 1325 381 1392 πάντων
396 1378 402 1390 .
418 1378 424 1390 .
442 1378 448 1390 .
463 1326 499 1390 ἐκ
520 1326 647 1391 τούτων
676 1327 711 1390 δὲ
740 1330 855 1405 δῆλον,
883 1325 933 1390 ὅτι
958 1326 1141 1406 Χρύςιππος
1164 1325 1217 1390 ἐπὶ
1240 1331 1295 1405 τῆς

116 1415 226 1479 οὐςίας
249 1415 289 1480 οὐ
312 1416 431 1496 ταύτην
454 1415 635 1495 παρείληφε
659 1417 718 1495 τὴν
741 1415 903 1494 ςύγχυςιν·
926 1414 1088 1481 ἀδύνατον
1111 1414 1186 1494 γάρ·
1210 1412 1320 1479 ἀλλὰτ

115 1507 174 1583 τὴν
198 1501 270 1569 ἀντὶ
293 1509 349 1585 τῆς
374 1508 551 1585 μεταβολῆς
574 1506 760 1585 λεγομένην.
798 1505 838 1569 οὐ
861 1505 922 1584 γὰρ
941 1505 995 1570 ἐπὶ
1017 1509 1073 1584 τῆς
1095 1509 1154 1569 τοῦ
1177 1503 1294 1583 κόςμου

115 1593 197 1657 κατὰ
222 1592 393 1672 περιόδους
416 1594 473 1658 τὰς
498 1593 642 1673 μεγίςτας
660 1595 830 1673 γινομένης
849 1597 974 1674 φθορᾶς
993 1593 1109 1673 κυρίως
1128 1596 1295 1673 παραλαμ-

117 1681 248 1763 βάνουςι
271 1685 330 1761 τῆν
354 1683 482 1762 φθορὰν
506 1684 537 1747 οἱ
559 1685 617 1762 τὴν
637 1681 681 1748 εἰς
700 1686 763 1762 πύρ
783 1681 934 1748 ἀνάλυςιν
952 1688 1019 1747 τῶν
1038 1682 1127 1748 όλων
1146 1682 1295 1762 δογματί-

114 1776 242 1852 Ζοντες,
270 1774 311 1852 ῆν
339 1774 378 1851 δὴ
410 1775 560 1837 καλούςιν
588 1772 779 1850 ἐκπύρωςιν·
808 1770 884 1838 ἀλλ’
911 1771 982 1837 ἀντὶ
1009 1777 1065 1852 τῆς
1093 1773 1173 1837 κατὰ
1201 1771 1295 1850 φύςιν

115 1864 296 1941 μεταβολῆς
319 1863 458 1940 χρῶνται
481 1867 520 1946 τῇ
539 1863 735 1944 προςηγορίᾳ
753 1866 809 1942 τῆς
828 1865 960 1941 φθορᾶς.
999 1859 1122 1941 άρέςιιει
1145 1861 1207 1941 γὰρ
1225 1866 1294 1926 τοῖς
1309 1876 1335 1914 1⁰

115 1951 269 2016 (τωικοῖς
292 1949 485 2030 φιλοςόφοις
508 1951 567 2031 τὴν
591 1949 671 2030 όλην
694 1951 803 2016 οὐςίαν
827 1950 872 2016 εἰς
895 1955 959 2030 πύρ
988 1951 1199 2031 μεταβάλλειν
1223 1949 1295 2015 οἷον

115 2039 160 2105 εἰς
185 2042 308 2120 ςπέρμα
331 2040 383 2104 καὶ
407 2040 504 2105 πάλιν
528 2041 563 2106 ἐκ
585 2041 702 2105 τούτου
727 2041 878 2120 τοιαύτην
900 2038 1123 2106 ἀποτελεῐςβαι
1146 2042 1204 2119 τὴν
1228 2044 1294 2104 δια-

114 2128 279 2214 κόςμηςιν,
303 2129 357 2195 οἵα
379 2130 418 2194 τό
438 2128 598 2209 πρότερον
618 2131 666 2210 ἦν.
703 2130 755 2193 καὶ
773 2134 870 2194 τοῦτο
889 2131 927 2194 τὸ
947 2129 1050 2209 δόγμα
1069 2133 1135 2195 τῶν
1154 2127 1219 2193 άπὸ
1239 2133 1295 2207 τῆς

115 2217 268 2297 αἱρέςεως
294 2218 324 2282 οἱ
351 2223 475 2297 πρῶτοι
503 2220 554 2284 καὶ
577 2218 788 2300 πρεςβύτατοι
816 2221 1016 2299 προςήκαντο
1040 2219 1158 2299 Ζήνων
1185 2239 1220 2283 τε
1242 2217 1296 2282 καὶ

117 2305 280 2387 Κλεάνθης
303 2308 354 2372 καὶ
380 2308 571 2387 Χρύςιππος.
1306 2321 1332 2360 1⁵

189 2411 243 2464 hoe
261 2410 315 2480 frg.
334 2412 423 2466 tradit
435 2411 536 2467 Euseb.
551 2411 597 2466 PE
611 2410 662 2464 XV
684 2414 716 2466 18
736 2428 799 2465 cum
818 2412 871 2466 hon
889 2410 1022 2466 lemmafle
1041 2414 1118 2466 ὅπως
1136 2410 1163 2465 οί
1181 2410 1296 2464 (τωιιιολ

114 2484 247 2550 περὶτῆς
264 2487 316 2535 τού
334 2485 439 2537 παντὸς
457 2483 639 2551 ἐκπυρῶςεως
657 2483 816 2538 δοξάζουςιν
897 2488 913 2535 4
932 2484 997 2553 post
1017 2484 1133 2538 πάντων
1152 2480 1232 2536 addit
1250 2482 1295 2533 καί

115 2555 180 2620 ἑξῆς
199 2554 295 2618 ἐπάγει
314 2554 362 2623 (ιο.
377 2553 526 2623 Δίδυμος)ι
545 2555 618 2608 hano
637 2554 768 2608 lacunam
783 2570 817 2607 ex
834 2553 868 2609 fr.
883 2560 917 2609 28
937 2554 1103 2624 suplendnm
1122 2570 1182 2608 οοοο
1202 2552 1296 2606 censet

115 2625 196 2678 Diels
289 2631 322 2678 10
347 2625 452 2692 ἀρέςκει
475 2655 509 2666 -
535 2631 567 2679 13
591 2627 730 2693 πρότερον
753 2626 789 2692 ῆν
808 2626 894 2679 etiam
913 2623 990 2680 Stob.
1010 2624 1034 2695 (Ι
1053 2631 1097 2692 20,
1118 2633 1130 2679 1
1152 2643 1177 2693 p.
1200 2627 1293 2689 171,1

116 2696 273 2766 Wachsm.)
292 2696 416 2751 servavit
429 2695 570 2751 nonnullis
585 2694 755 2766 depravatis,
775 2713 847 2764 quae
862 2695 962 2750 omitto
1018 2701 1050 2750 11
1067 2696 1105 2750 εἰς
1117 2701 1172 2762 πύρ
1188 2710 1246 2761 μετ.
1263 2723 1295 2732 -

116 2768 234 2835 ςπέρμα’
250 2783 308 2833 μετ.
320 2798 353 2806 -
364 2768 468 2836 ςπέρμα
481 2769 516 2822 τὸ
529 2773 585 2835 πύρ
601 2767 678 2821 stob.
736 2772 767 2820 12
781 2768 916 2835 τοιαύτην
932 2766 1008 2821 stob.
1019 2766 1109 2821 Diels·
1124 2767 1213 2831 αὐτὴν
1227 2763 1293 2819 Eus.

208 2876 325 2959 [Philo]
349 2899 381 2941 π.
406 2875 483 2956 ἀφθ.
506 2875 624 2954 κόςμου
647 2901 675 2957 p.
696 2883 775 2958 255,
795 2884 814 2942 8
832 2881 865 2940 Β.
893 2878 988 2957 φηςίν
1012 2876 1030 2941 δ
1051 2876 1233 2955 Χρύςιππος
1255 2877 1294 2939 τὸ

115 2964 385 3044 ἀναςτοιχειῶςαν
405 2968 465 3046 τὴν
484 2965 686 3044 διαιιόςμηςιν
705 2966 750 3030 εἰς
769 2966 848 3031 αὐτὸ
868 2971 931 3046 πῦρ
950 2969 1009 3030 τού
1023 2967 1199 3044 μέλλοντος
1213 2963 1293 3029 ἀπο-

114 3058 275 3121 τελεῖςθαι
298 3054 415 3134 κόςμου
440 3055 563 3134 ςπέρμα
586 3052 677 3120 εἰναι.

205 3149 376 3220 Αειί.Π4,
398 3151 438 3208 13
463 3141 506 3225 (p.
526 3150 621 3208 3321>
645 3151 664 3209 8
688 3148 772 3208 Diels
793 3175 834 3196 =
855 3148 1047 3221 Stob.120,
1067 3151 1084 3207 1
1106 3168 1134 3223 p.
1155 3150 1232 3223 171,
1253 3149 1293 3206 13

115 3228 285 3319 Wachsm.)
303 3235 340 3295 de
358 3237 485 3298 Platone
504 3243 535 3297 et
553 3228 726 3318 Stoicis(?):
751 3232 828 3315 [καί]
862 3232 893 3298 οἱ
921 3233 1061 3313 φάμενοι
1084 3234 1120 3297 δὲ
1143 3235 1202 3310 τὴν
1225 3236 1292 3296 δια-

115 3320 264 3400 κόςμηςιν
296 3320 428 3387 αἰώνιον
455 3320 612 3400 ὑπάρχειν
640 3324 898 3400 περιοδευτιιιούς
927 3321 1008 3387 εἰναί
1038 3342 1115 3401 φαςι
1147 3320 1294 3403 χρόνους,

115 3408 185 3476 καθ’
205 3411 264 3474 οὓς
283 3412 362 3474 κατὰ
381 3411 482 3475 ταύτὰ
501 3411 551 3475 καὶ
570 3409 721 3475 ῶςαύτως
740 3411 902 3488 γίγνεςθαι
920 3410 1026 3476 πάντα
1045 3410 1095 3475 καὶ
1107 3412 1172 3490 ’τὴν
1191 3409 1291 3488 αὐτὴν

116 3501 322 3583 διαςῴζεςθαι
345 3503 403 3563 τοῦ
427 3499 544 3580 κόςμου
568 3498 709 3566 διάταξίν
732 3522 766 3564 τε
790 3501 841 3564 καὶ
864 3500 1071 3579 διαιιόςμηςιν.

187 3609 204 3658 2
225 3606 272 3658 καλ
290 3602 344 3659 del.
364 3603 474 3659 Heeren
546 3611 563 3658 4
581 3604 671 3658 ταύτὰ
689 3604 811 3658 Ηοοιοιι·
830 3609 920 3658 ταύτα
987 3605 1076 3671 αὐτὴν
1095 3601 1183 3656 Diels·
1203 3596 1291 3657 αὐτοῦ

95 3712 105 3776 ἰ
205 3714 340 3791 Λέγουςι
368 3715 404 3778 δὲ
427 3713 545 3794 κόςμον
567 3716 697 3794 τριχῶς·
725 3711 825 3778 αὐτόν
852 3734 888 3777 τε
915 3714 974 3779 τὸν
998 3713 1075 3778 θεὸν
1097 3713 1156 3778 τὸν
1179 3714 1214 3778 ἐκ
1236 3718 1292 3792 τῆς

116 3804 217 3883 πόςης
240 3802 349 3868 οὐςίας
377 3803 465 3868 ἰδίως
495 3802 603 3883 ποιόν,
636 3803 673 3866 ὃς
701 3803 739 3882 δὴ
763 3800 929 3882 ἄφθαρτός
954 3804 1018 3868 ἐςτι
1042 3802 1094 3867 καί
1117 3801 1292 3882 άγέννητος

116 3888 309 3973 δημιουργὸς
337 3892 384 3958 ῶν
407 3898 463 3972 τῆς
487 3893 718 3970 διακοςμήςεως
741 3892 822 3956 κατὰ
849 3891 977 3971 χρόνων
1005 3892 1099 3957 ποιὰς
1123 3892 1292 3971 περιόδους

116 3979 295 4047 άναλίςκων
323 3980 368 4045 εἰς
396 3981 512 4046 ἑαυτὸν
539 3983 598 4061 τὴν
626 3979 751 4045 ἅπαςαν
779 3981 889 4046 ούςίαν
917 3983 968 4046 καὶ
992 3981 1089 4046 πάλιν
1113 3982 1146 4048 ἐξ
1175 3981 1291 4044 ἑαυτοῦ

117 4074 255 4146 γεννῶν·
275 4065 371 4155 (138)
391 4071 442 4135 καὶ
460 4071 561 4150 αὐτὴν
580 4070 692 4148 δὲτὴν
712 4069 910 4149 διακόςμηςιν
928 4074 995 4134 τῶν
1014 4070 1155 4149 ἀςτέρων
1174 4069 1318 4148 κόςμον5

117 4157 197 4224 εἰναι
225 4160 368 4236 λέγουςι·
399 4160 451 4224 καὶ
477 4154 586 4238 τρίτον
617 4158 656 4223 τὸ
688 4161 873 4238 ςυνεςτηκός
905 4161 939 4226 ἐξ
971 4157 1101 4240 ἀμφοῖν.
1146 4159 1196 4223 καί
1229 4157 1292 4223 ἔςτι

116 4247 229 4329 κόςμος
259 4247 279 4311 δ
308 4247 396 4312 ἰδίως
423 4250 517 4313 ποιὸς
539 4253 595 4327 τῆς
618 4249 685 4311 τῶν
714 4246 802 4312 όλων
825 4247 932 4313 οὐςίας
955 4251 974 4329 ἢ
998 4249 1057 4332 (ὥς
1080 4269 1155 4328 φηςι
1178 4248 1290 4312 Ποςει-

116 4338 233 4404 δῶνιος
261 4337 299 4402 ἐν
325 4342 363 4421 τῆ
392 4341 647 4421 μετεωρολογικῇ
676 4334 882 4423 ςτοιχειῶςει)
917 4339 1054 4417 ςύςτημα
1085 4338 1118 4404 ἐξ
1148 4336 1291 4416 οὐρανοῦ

117 4429 165 4491 καὶ
188 4432 249 4507 γῆς
272 4426 325 4490 καὶ
348 4428 414 4491 τῶν
437 4427 473 4491 ἐν
497 4426 624 4491 τούτοις
647 4426 777 4506 φύςεων
800 4428 819 4506 ἢ
843 4429 979 4507 ςύςτημα
998 4429 1033 4492 ἐκ
1056 4430 1140 4492 θεῶν
1162 4428 1213 4490 καὶ
1236 4424 1290 4490 άν-

1023 4529 1080 4586 46*
