2856 4852
621 272 803 343 θηναίων»
1237 272 1300 340 735

122 435 288 513 έμφερῶς·
312 434 363 498 καὶ
386 437 445 514 τὴν
467 435 525 513 μὲν
548 433 690 514 ἀνάγκην
708 434 859 513 ἀκίνητόν
877 454 974 514 φαςιν
994 433 1097 499 αἰτίαν
1116 436 1166 498 καί
1187 441 1299 515 βιαςτι-

122 525 191 602 κήν,
215 525 276 602 τὴν
299 525 334 587 δὲ
358 523 550 602 εἱμαρμένην
573 527 757 603 ςυμπλοκην
775 524 885 587 αἰτιῶν
904 524 1109 601 τεταγμένην,
1133 524 1206 608 ἐνῇ
1227 545 1299 603 ςυμ-

121 613 229 695 πλυκῇ
249 612 300 676 καὶ
318 613 356 677 τὸ
375 611 455 691 παρ’
472 613 563 692 ἡμᾶς,
581 612 662 679 ὥςτε
681 613 798 691 τὰμὲν
817 611 960 690 εἱμάρθαι
979 614 1018 675 τά
1038 612 1074 675 δὲ
1089 612 1299 692 ςυνειμάρθαι.

197 721 211 768 1
231 716 364 770 Πλάτωνι
383 718 523 785 ἐμφερῶς·
550 714 584 769 cf.
606 733 689 786 supra
708 718 737 786 (a
755 721 771 768 δ
791 712 877 777 Diels)
895 715 1017 769 Πλάτων
1042 714 1160 782 ἐγκρίνει
1179 718 1229 782 μὲν
1246 720 1299 786 τήν

121 786 293 854 εἱμαρμένην
311 789 356 842 ἐπὶ
373 793 433 842 τῶν
452 787 637 855 ἀνθρωπίνων
660 793 760 854 ψυχῶν
783 789 828 840 καὶ
852 786 931 853 βίων,
955 787 1102 851 ςυνειςάγει
1126 788 1156 841 δέ
1179 791 1224 843 καί
1247 791 1300 857 τήν

120 859 194 925 παρ’
212 862 285 926 ἡμᾶς
303 859 394 914 αἰτίαν
479 866 496 912 4
516 860 691 926 ςυνειμάρθαι
709 874 739 913 τι·
759 858 920 925 ἀνειμάρθαι
939 857 1068 923 traditur,
1087 859 1239 926 ἀνείμαρτα
1259 863 1300 927 (αθ

121 929 252 1055 ἷίτμῧαρῖἀ)
276 930 344 983 olim
367 929 486 997 Vsener;
513 929 568 985 hoc
591 928 749 998 fragmento
768 945 824 983 non
851 930 927 983 recte
954 929 1055 983 abusus
1082 932 1110 984 et
1136 928 1225 985 Zeller
1248 930 1300 985 Ιλί8

178 1044 185 1068 ,
242 1017 267 1055 a.
288 1017 311 1056 c.

70 1145 107 1211 [6
214 1146 260 1212 Τὸ
284 1149 341 1226 μὲν
365 1148 397 1212 ἐξ
426 1147 516 1225 ἡμῶν
543 1146 650 1210 πολλὰ
677 1146 815 1222 γίνεςθαι
844 1149 945 1224 δῆλον
974 1143 1068 1224 εἶναι,
1098 1144 1194 1210 οὐδέν
1218 1145 1298 1229 (bd)

121 1233 222 1312 ἦττον
252 1234 514 1315 ςυγκαθειμάρθαι
536 1236 592 1299 ’καί
620 1239 721 1299 ταῦτα
743 1241 781 1318 τῇ
805 1237 871 1297 τῶν
894 1233 983 1298 ὅλων
1006 1236 1153 1314 διοικήςει
1177 1285 1184 1298 .
1204 1286 1211 1298 .
1231 1284 1237 1298 .
1261 1236 1299 1299 τὸ

122 1324 184 1403 γὰρ
220 1327 260 1404 μή
294 1324 480 1390 ἀπολεῑςθαι
504 1375 511 1388 .
532 1377 537 1387 .
561 1323 726 1403 θοίμάτιον
760 1323 820 1401 οὐχ
853 1322 964 1386 ἁπλῶς
998 1323 1188 1403 καθείμαρτο
1216 1323 1300 1389 ἀλλὰ

122 1413 201 1491 μετὰ
234 1417 293 1478 τοῦ
326 1413 557 1496 φυλάττεςθαι,
589 1413 640 1477 καί
671 1414 709 1477 τὸ
745 1414 780 1476 ἐκ
811 1415 877 1476 τῶν
909 1411 1073 1491 πολεμίων
1109 1414 1298 1492 ςωθήςεςθαι

122 1503 217 1566 τόνδε
251 1503 323 1567 τινὰ
355 1502 433 1581 μετὰ
462 1507 521 1566 τοῦ
551 1503 685 1582 φεύγειν
719 1502 818 1565 αὐτὸν
850 1503 926 1565 τοὺς
958 1501 1144 1580 πολεμίους,
1177 1503 1228 1566 καί
1260 1503 1325 1572 cde

121 1594 309 1671 γενήςεςθαι
331 1596 449 1656 παῖδας
472 1591 550 1671 μετὰ
572 1595 631 1656 τοῦ
656 1592 822 1687 βούλεςθαι
841 1595 1009 1654 κοινωνεῖν
1033 1590 1170 1667 γυναικίΙ
1193 1591 1298 1670 ὥςπερ

121 1682 182 1759 γὰρ
205 1730 232 1744 ..
253 1681 281 1745 εἰ
306 1680 460 1758 λέγοντός
492 1700 578 1744 τινος
609 1681 810 1759 Ἡγήςαρχον
844 1680 902 1742 τὸν
930 1679 1051 1757 πύκτην
1085 1680 1299 1745 ἐξελεύςεςθαι

122 1773 180 1833 τοθ
209 1769 338 1846 ἀγῶνος
368 1769 497 1834 πάντως
530 1768 694 1846 ἄπληκτον
727 1767 856 1833 ἀτόπως
884 1766 924 1830 ἄν
956 1787 1002 1830 τις
1034 1768 1122 1845 ἠξίου
1150 1771 1299 1834 καθιέντα

122 1859 177 1922 τὰς
216 1863 326 1938 χεῖρας
362 1860 420 1922 τὸν
451 1859 651 1938 Ἡγήςαρχον
690 1856 854 1937 μάχεςθαι,
891 1858 961 1921 ἐπεὶ
997 1855 1161 1935 ἄπληκτον
1198 1858 1298 1922 αὐτὸν

123 1948 314 2026 καθείμαρτο
346 1945 513 2024 ἀπελθεῖν,
543 1952 602 2011 τοῦ
635 1949 693 2026 τὴν
725 1946 888 2026 ἀπάφαςιν
918 1947 1133 2025 ποιηςαμένου
1162 1947 1213 2010 διὰ
1240 1950 1299 2027 τὴν
1313 1980 1340 2018 10

122 2038 352 2115 περιττοτέραν
375 2035 568 2115 τάνθρώπου
592 2037 673 2115 πρὸς
696 2037 793 2115 τὸμὴ
817 2037 1006 2115 πλήττεςθαι
1030 2038 1178 2114 φυλακὴν
1200 2041 1298 2100 τοῦτο

123 2125 273 2190 εἰπόντος
300 2161 337 2172 -
363 2126 449 2189 οὕτω
478 2127 528 2190 καί
550 2126 602 2189 ἐπὶ
624 2124 819 2190 τῶνᾶλλων
848 2124 926 2202 ἔχει·
958 2125 1065 2188 πολλὰ
1095 2124 1155 2203 γὰρ
1179 2127 1220 2203 μὴ
1245 2127 1298 2189 διί-

122 2221 234 2280 ναςθαι
257 2216 403 2292 γενέςθαι
427 2216 524 2294 χωρίς
546 2218 605 2279 τοῦ
629 2216 678 2279 καί
701 2215 782 2293 ἡμᾶς
809 2213 975 2294 βούλεςθαι
999 2214 1049 2277 καί
1072 2214 1298 2293 ἐκτενεςτάτην

121 2305 172 2368 καὶ
199 2305 274 2382 περὶ
307 2303 388 2368 αὐτὰ
420 2302 599 2383 προθυμίαν
626 2324 661 2369 τε
689 2305 741 2368 καὶ
769 2303 911 2381 ςπουδὴν
944 2302 1154 2381 είςφέρεςθαι,
1187 2303 1297 2382 ἐπειδὴ

122 2395 199 2472 μετὰ
224 2393 343 2458 τούτου
362 2443 392 2458 ..
417 2393 498 2457 αὐτὰ
521 2394 665 2471 γενέςθαι
690 2393 888 2471 καθείμαρτο.
1312 2424 1338 2464 15

192 2495 360 2566 Diogenian.
375 2497 409 2551 fr.
424 2503 480 2565 3,8
501 2499 584 2565 φηςίν
603 2498 654 2550 οίιν
674 2497 703 2550 ἐν
721 2503 763 2566 τῷ
783 2496 906 2565 δευτέρῳ
926 2495 1020 2564 βιβλίῳ
1042 2495 1087 2548 *τὸ
1106 2497 1155 2561 μὲν
1168 2527 1198 2535 -
1211 2496 1299 2552 καθεί-

89 2564 222 2636 ’μαρτο’
244 2570 281 2638 (v.
304 2571 354 2637 1‘1).
466 2570 583 2623 Ιοίιδὲν
602 2570 632 2622 δὲ
650 2583 680 2622 s·
701 2569 783 2621 οὐδὲν
803 2566 835 2635 (λ,
855 2568 921 2620 οὐδὲ
940 2568 971 2620 δέ
990 2566 1076 2634 vulgo
1185 2571 1299 2636 θγενη-

121 2644 209 2694 ςεςθαι
227 2656 259 2694 s·
278 2641 402 2704 γενέςθαι
487 2647 502 2695 ‘1
522 2640 546 2694 εἰ
564 2640 706 2704 λέγοντος·
726 2640 858 2704 λέγοντος
877 2636 975 2705 Viger;
1000 2641 1131 2706 exspecto
1151 2639 1299 2693 ἀνελόντος

122 2711 237 2781 propter
256 2712 423 2780 καθείμαρτο
441 2730 466 2767 ν.
489 2716 521 2765 10
605 2717 639 2764 14
658 2713 702 2764 καί
722 2712 787 2763 ante
806 2712 868 2777 περὶ
887 2707 942 2763 del.
961 2706 1102 2762 Schwartz

69 2875 108 2937 ,17
211 2878 273 2939 Cic.
292 2880 329 2938 de
347 2880 409 2941 fato
431 2881 480 2954 13,
501 2881 556 2939 30:
594 2878 676 2938 Haec
698 2879 775 2937 ratio
804 2870 939 2959 (φροντι)
964 2897 982 2936 a
1007 2876 1175 2954 Chrysippo
1198 2897 1298 2953 repre-

122 2969 272 3028 henditur.
304 2963 467 3045 ‘quaedam
486 2968 565 3028 enim
585 2961 680 3042 sunt',
699 2969 805 3044 inquit,
824 2960 872 3025 ‘in
885 2967 975 3026 rebus
990 2968 1137 3042 simplicia
1151 2967 1298 3042 quaedam

121 3059 271 3134 copulata.
308 3059 434 3136 simplex
457 3061 505 3117 est
527 3051 688 3119 ‘morietur
711 3058 763 3116 illo
788 3056 834 3115 die
854 3055 1005 3130 Socratem
1033 3054 1115 3129 huic,
1139 3055 1202 3113 sive
1226 3057 1299 3130 quid

122 3147 230 3206 fecerit
249 3147 312 3207 sive
329 3166 390 3207 non
408 3147 524 3222 fecerit,
543 3145 646 3205 finitus
666 3151 713 3205 est
730 3145 877 3205 moriendi
896 3144 968 3203 dies.
1001 3146 1033 3202 ab
1052 3144 1077 3203 si
1090 3146 1133 3202 ita
1146 3144 1244 3202 fetum
1259 3146 1299 3204 sit

120 3229 279 3295 ‘nascetur
303 3234 434 3312 Oedipus
459 3229 558 3306 Laio',
585 3254 645 3294 non
668 3237 779 3312 poterit
807 3233 866 3293 dici
890 3227 968 3293 ‘sive
996 3233 1087 3293 fuerit
1110 3232 1200 3292 Laius
1230 3244 1325 3292 cumb

119 3326 247 3384 muliere
262 3324 325 3385 sive
339 3344 399 3386 non
413 3318 536 3385 fuerit':
555 3325 694 3400 copulate
708 3323 787 3382 enim
802 3343 850 3383 res
866 3324 913 3382 est
927 3323 959 3380 et
972 3322 1137 3381 confatalia
1162 3323 1203 3381 sic
1218 3322 1297 3381 euim
1372 3400 1376 3406 Ι

119 3414 264 3490 appellat,
285 3415 356 3490 quie
374 3415 418 3475 ita
436 3415 532 3473 fatum
553 3414 593 3473 sit
612 3418 641 3472 et
660 3410 886 3472 concubiturum
907 3431 975 3471 cum
989 3429 1080 3470 uxore
1094 3411 1200 3469 Laium
1215 3416 1246 3470 et
1260 3431 1296 3470 ex

118 3521 156 3562 ea
174 3502 322 3580 Oedipum
341 3507 579 3579 procreaturum3
609 3506 644 3562 ut
667 3503 693 3562 si
715 3505 795 3561 esset
817 3501 929 3561 dictum
954 3494 1128 3560 ‘luctabitur
1147 3498 1294 3576 Olympiis

118 3585 230 3652 Milon'
255 3595 287 3652 eb
313 3593 442 3652 referret
469 3592 590 3668 aliquis:
623 3585 711 3668 ‘ergo
740 3591 803 3651 sive
831 3590 972 3649 habuerit
1000 3584 1203 3650 adversarium
1231 3590 1293 3650 sive

116 3699 178 3740 non
197 3680 345 3757 habuerit,
364 3674 555 3755 luctabitur',
575 3683 704 3740 erraret:
732 3683 779 3739 est
798 3681 876 3738 enim
895 3680 1066 3755 copulatum
1086 3671 1293 3757 ‘luctabitur',
1308 3691 1335 3730 10

116 3771 191 3846 quia
212 3770 276 3829 sine
296 3770 467 3829 adversario
486 3770 570 3829 nulla
587 3770 712 3829 luctatio
732 3771 786 3829 est.
824 3788 926 3828 omues
945 3768 1040 3844 igitur
1062 3769 1150 3828 iscius
1173 3769 1292 3845 generis

115 3860 272 3936 captiones
301 3860 405 3919 eodem
432 3860 520 3919 modo
548 3859 734 3919 refelluntur.
776 3851 855 3918 ‘sive
882 3862 917 3917 tu
945 3856 1117 3917 adhibueris
1145 3856 1293 3916 medicum

115 3949 182 4009 sive
205 3968 263 4008 non
288 3947 475 4024 adhibueris,
503 3940 708 4009 convalesces'
732 3947 910 4023 oephiosum:
936 3950 1000 4006 tam
1023 3947 1102 4007 euim
1125 3950 1172 4005 est
1198 3947 1292 4006 fatale

113 4037 266 4097 medicum
285 4037 427 4098 adhibere
445 4056 534 4113 quam
554 4038 758 4097 convalescere
765 4030 775 4058 '
777 4081 784 4096 .
821 4038 902 4108 haec,
921 4039 956 4095 ut
974 4035 1043 4112 dixi,
1061 4036 1222 4095 confatalia
1240 4036 1291 4094 ille

114 4127 261 4203 appellat,
1305 4136 1330 4176 ιτ

191 4234 206 4279 1
225 4227 291 4281 haec
308 4227 396 4280 ratio:
423 4227 509 4293 ἀργὸς
529 4227 613 4290 λόγος
635 4224 766 4279 inventus
788 4241 806 4278 a
824 4222 985 4293 Megaricis,
1013 4221 1171 4291 appellatus
1195 4238 1256 4278 esse
1275 4239 1292 4277 a

116 4295 222 4351 Stoicis
240 4298 353 4352 videtur
434 4299 519 4352 rsit.-
537 4303 576 4352 αυί
594 4297 700 4364 Madv,
714 4298 766 4351 erit
784 4295 902 4349 Mueller
921 4292 1010 4348 dubit.
1093 4295 1292 4360 ficonfatdis:

114 4369 317 4436 ςυνειμαρμένα
335 4368 410 4422 Ρίμί.
429 4367 464 4420 de
483 4367 541 4422 fato
561 4366 644 4422 5691*
659 4367 694 4424 cf.
708 4367 795 4436 praef.
810 4385 837 4436 p.
849 4372 900 4421 695
945 4370 961 4419 8
980 4370 1025 4420 ut:
1043 4365 1107 4420 fort.
1122 4366 1185 4419 item
1200 4365 1287 4420 Orelli

115 4445 132 4493 θ
154 4438 261 4495 Midou:
280 4441 313 4494 cf.
332 4439 419 4510 praef.
440 4458 466 4509 p.
486 4444 539 4494 693
