<?xml version="1.0" encoding="UTF-8"?>
<!DOCTYPE html PUBLIC "-//W3C//DTD XHTML 1.0 Transitional//EN"
    "http://www.w3.org/TR/xhtml1/DTD/xhtml1-transitional.dtd">
<html xmlns="http://www.w3.org/1999/xhtml" xml:lang="en" lang="en">
 <head>
  <title>
</title>
<meta http-equiv="Content-Type" content="text/html;charset=utf-8" />
  <meta name='ocr-system' content='tesseract 3.04.00' />
  <meta name='ocr-capabilities' content='ocr_page ocr_carea ocr_par ocr_line ocrx_word'/>
</head>
<body>
  <div class='ocr_page' id='page_1' title='image "./chrysippea00chrygoog_0020.png"; bbox 0 0 2856 4852; ppageno 0'>
   <div class='ocr_carea' id='block_1_1' title="bbox 623 238 1298 313">
    <p class='ocr_par' dir='ltr' id='par_1_1' title="bbox 623 238 1298 313">
     <span class='ocr_line' id='line_1_1' title="bbox 623 238 1298 313; baseline -0.01 0"><span class='ocrx_word' id='word_1_1' title='bbox 623 238 803 313; x_wconf 54' lang='lat' dir='ltr'>caesapo.</span> <span class='ocrx_word' id='word_1_2' title='bbox 1234 241 1298 307; x_wconf 77' lang='lat'>703</span> 
     </span>
    </p>
   </div>
   <div class='ocr_carea' id='block_1_2' title="bbox 114 407 1298 664">
    <p class='ocr_par' dir='ltr' id='par_1_2' title="bbox 114 407 1298 664">
     <span class='ocr_line' id='line_1_2' title="bbox 117 407 1298 486; baseline 0.001 -19"><span class='ocrx_word' id='word_1_3' title='bbox 117 429 186 467; x_wconf 88' lang='lat' dir='ltr'>rum</span> <span class='ocrx_word' id='word_1_4' title='bbox 199 407 350 485; x_wconf 79' lang='lat' dir='ltr'>doctrina3</span> <span class='ocrx_word' id='word_1_5' title='bbox 370 408 573 484; x_wconf 78' lang='lat' dir='ltr'>Pergamenus</span> <span class='ocrx_word' id='word_1_6' title='bbox 587 409 712 484; x_wconf 87' lang='lat' dir='ltr'>fingitur</span> <span class='ocrx_word' id='word_1_7' title='bbox 727 410 880 484; x_wconf 90' lang='lat' dir='ltr'>tamquam</span> <span class='ocrx_word' id='word_1_8' title='bbox 894 408 943 468; x_wconf 86' lang='lat' dir='ltr'>vir</span> <span class='ocrx_word' id='word_1_9' title='bbox 957 408 1068 467; x_wconf 89' lang='lat' dir='ltr'>artium</span> <span class='ocrx_word' id='word_1_10' title='bbox 1081 408 1298 486; x_wconf 74' lang='lat' dir='ltr'><strong>literarumque</strong></span> 
     </span>
     <span class='ocr_line' id='line_1_3' title="bbox 114 496 620 574; baseline 0 -18"><span class='ocrx_word' id='word_1_11' title='bbox 114 496 335 574; x_wconf 86' lang='lat' dir='ltr'>peritissimus,</span> <span class='ocrx_word' id='word_1_12' title='bbox 354 496 474 556; x_wconf 92' lang='lat' dir='ltr'>Platoni</span> <span class='ocrx_word' id='word_1_13' title='bbox 492 496 620 557; x_wconf 90' lang='lat' dir='ltr'>deditus.</span> 
     </span>
     <span class='ocr_line' id='line_1_4' title="bbox 204 585 1222 664; baseline 0.003 -20"><span class='ocrx_word' id='word_1_14' title='bbox 204 586 314 646; x_wconf 82' lang='lat' dir='ltr'>Nostri</span> <span class='ocrx_word' id='word_1_15' title='bbox 331 585 427 663; x_wconf 88' lang='lat' dir='ltr'>igitur</span> <span class='ocrx_word' id='word_1_16' title='bbox 446 585 625 664; x_wconf 86' lang='lat' dir='ltr'>Diogeniani</span> <span class='ocrx_word' id='word_1_17' title='bbox 644 586 682 647; x_wconf 88' lang='lat' dir='ltr'>de</span> <span class='ocrx_word' id='word_1_18' title='bbox 699 586 799 664; x_wconf 84' lang='lat' dir='ltr'>patria</span> <span class='ocrx_word' id='word_1_19' title='bbox 817 587 866 646; x_wconf 88' lang='lat' dir='ltr'>vel</span> <span class='ocrx_word' id='word_1_20' title='bbox 885 587 984 646; x_wconf 81' lang='lat' dir='ltr'>aetate</span> <span class='ocrx_word' id='word_1_21' title='bbox 1002 585 1077 644; x_wconf 91' lang='lat' dir='ltr'>nihil</span> <span class='ocrx_word' id='word_1_22' title='bbox 1096 589 1222 647; x_wconf 85' lang='lat' dir='ltr'>constat.</span> 
     </span>
    </p>
   </div>
   <div class='ocr_carea' id='block_1_3' title="bbox 594 863 824 957">
    <p class='ocr_par' dir='ltr' id='par_1_3' title="bbox 594 863 824 957">
     <span class='ocr_line' id='line_1_5' title="bbox 594 863 824 957; baseline 0 -27"><span class='ocrx_word' id='word_1_23' title='bbox 594 863 824 957; x_wconf 82' lang='lat' dir='ltr'>axovasvs</span> 
     </span>
    </p>
   </div>
   <div class='ocr_carea' id='block_1_4' title="bbox 363 1005 1054 1075">
    <p class='ocr_par' dir='ltr' id='par_1_4' title="bbox 363 1005 1054 1075">
     <span class='ocr_line' id='line_1_6' title="bbox 363 1005 1054 1075; baseline 0 -17"><span class='ocrx_word' id='word_1_24' title='bbox 363 1005 399 1060; x_wconf 89' lang='lat' dir='ltr'>de</span> <span class='ocrx_word' id='word_1_25' title='bbox 417 1005 480 1060; x_wconf 91' lang='lat' dir='ltr'>loco</span> <span class='ocrx_word' id='word_1_26' title='bbox 498 1005 622 1075; x_wconf 87' lang='lat' dir='ltr'>quodam</span> <span class='ocrx_word' id='word_1_27' title='bbox 641 1005 772 1060; x_wconf 83' lang='lat' dir='ltr'>Tulliano</span> <span class='ocrx_word' id='word_1_28' title='bbox 791 1005 836 1072; x_wconf 90' lang='lat' dir='ltr'>(de</span> <span class='ocrx_word' id='word_1_29' title='bbox 855 1005 913 1061; x_wconf 84' lang='lat' dir='ltr'>fato</span> <span class='ocrx_word' id='word_1_30' title='bbox 933 1010 981 1073; x_wconf 85' lang='lat'>19,</span> <span class='ocrx_word' id='word_1_31' title='bbox 999 1006 1054 1074; x_wconf 83' lang='lat'>44).</span> 
     </span>
    </p>
   </div>
   <div class='ocr_carea' id='block_1_5' title="bbox 118 1114 1299 1285">
    <p class='ocr_par' dir='ltr' id='par_1_5' title="bbox 118 1114 1299 1285">
     <span class='ocr_line' id='line_1_7' title="bbox 209 1114 1298 1198; baseline 0 -20"><span class='ocrx_word' id='word_1_32' title='bbox 209 1114 310 1179; x_wconf 72' lang='lat' dir='ltr'>‘Haec</span> <span class='ocrx_word' id='word_1_33' title='bbox 333 1139 401 1179; x_wconf 90' lang='lat' dir='ltr'>oum</span> <span class='ocrx_word' id='word_1_34' title='bbox 423 1120 468 1179; x_wconf 87' lang='lat' dir='ltr'>ita</span> <span class='ocrx_word' id='word_1_35' title='bbox 486 1120 546 1180; x_wconf 90' lang='lat' dir='ltr'>sint</span> <span class='ocrx_word' id='word_1_36' title='bbox 565 1139 583 1178; x_wconf 96' lang='lat' dir='ltr'>a</span> <span class='ocrx_word' id='word_1_37' title='bbox 602 1118 771 1198; x_wconf 88' lang='lat' dir='ltr'>Chrysippo</span> <span class='ocrx_word' id='word_1_38' title='bbox 797 1120 956 1195; x_wconf 82' lang='lat' dir='ltr'>explicata,</span> <span class='ocrx_word' id='word_1_39' title='bbox 982 1119 1007 1178; x_wconf 90' lang='lat' dir='ltr'>si</span> <span class='ocrx_word' id='word_1_40' title='bbox 1029 1118 1087 1193; x_wconf 92' lang='lat' dir='ltr'>illi,</span> <span class='ocrx_word' id='word_1_41' title='bbox 1111 1118 1162 1194; x_wconf 90' lang='lat' dir='ltr'>qui</span> <span class='ocrx_word' id='word_1_42' title='bbox 1185 1121 1298 1195; x_wconf 91' lang='lat' dir='ltr'>negant</span> 
     </span>
     <span class='ocr_line' id='line_1_8' title="bbox 118 1207 1299 1285; baseline -0.002 -17"><span class='ocrx_word' id='word_1_43' title='bbox 118 1209 314 1269; x_wconf 80' lang='lat' dir='ltr'>adsensiones</span> <span class='ocrx_word' id='word_1_44' title='bbox 329 1210 392 1269; x_wconf 90' lang='lat' dir='ltr'>fato</span> <span class='ocrx_word' id='word_1_45' title='bbox 405 1209 480 1285; x_wconf 89' lang='lat' dir='ltr'>fieri,</span> <span class='ocrx_word' id='word_1_46' title='bbox 499 1209 653 1269; x_wconf 89' lang='lat' dir='ltr'>fateantur</span> <span class='ocrx_word' id='word_1_47' title='bbox 668 1212 770 1268; x_wconf 85' lang='lat' dir='ltr'>tamen</span> <span class='ocrx_word' id='word_1_48' title='bbox 784 1227 835 1268; x_wconf 91' lang='lat' dir='ltr'>eas</span> <span class='ocrx_word' id='word_1_49' title='bbox 855 1227 925 1267; x_wconf 93' lang='lat' dir='ltr'>non</span> <span class='ocrx_word' id='word_1_50' title='bbox 943 1209 1007 1268; x_wconf 90' lang='lat' dir='ltr'>sine</span> <span class='ocrx_word' id='word_1_51' title='bbox 1026 1209 1090 1268; x_wconf 87' lang='lat' dir='ltr'>viso</span> <span class='ocrx_word' id='word_1_52' title='bbox 1105 1207 1299 1266; x_wconf 88' lang='lat' dir='ltr'>antecedente</span> 
     </span>
    </p>
   </div>
   <div class='ocr_carea' id='block_1_6' title="bbox 113 1297 1403 1372">
    <p class='ocr_par' dir='ltr' id='par_1_6' title="bbox 113 1297 1403 1372">
     <span class='ocr_line' id='line_1_9' title="bbox 113 1297 1403 1372; baseline 0 -16"><span class='ocrx_word' id='word_1_53' title='bbox 113 1298 185 1358; x_wconf 86' lang='lat' dir='ltr'>&#39;fieri</span> <span class='ocrx_word' id='word_1_54' title='bbox 207 1330 246 1339; x_wconf 95' lang='lat'>—</span> <span class='ocrx_word' id='word_1_55' title='bbox 268 1297 328 1357; x_wconf 85' lang='lat' dir='ltr'>alia</span> <span class='ocrx_word' id='word_1_56' title='bbox 346 1298 423 1359; x_wconf 86' lang='lat' dir='ltr'>ratio</span> <span class='ocrx_word' id='word_1_57' title='bbox 443 1302 502 1372; x_wconf 87' lang='lat' dir='ltr'>est;</span> <span class='ocrx_word' id='word_1_58' title='bbox 522 1298 574 1358; x_wconf 92' lang='lat' dir='ltr'>sed</span> <span class='ocrx_word' id='word_1_59' title='bbox 594 1298 620 1356; x_wconf 91' lang='lat' dir='ltr'>si</span> <span class='ocrx_word' id='word_1_60' title='bbox 639 1297 806 1358; x_wconf 90' lang='lat' dir='ltr'>concedunt</span> <span class='ocrx_word' id='word_1_61' title='bbox 824 1297 940 1357; x_wconf 88' lang='lat' dir='ltr'>anteire</span> <span class='ocrx_word' id='word_1_62' title='bbox 959 1297 1025 1358; x_wconf 84' lang='lat' dir='ltr'>visa</span> <span class='ocrx_word' id='word_1_63' title='bbox 1043 1314 1097 1355; x_wconf 90' lang='lat' dir='ltr'>nec</span> <span class='ocrx_word' id='word_1_64' title='bbox 1115 1299 1217 1355; x_wconf 87' lang='lat' dir='ltr'>tamen</span> <span class='ocrx_word' id='word_1_65' title='bbox 1235 1297 1298 1357; x_wconf 84' lang='lat' dir='ltr'>fato</span> <span class='ocrx_word' id='word_1_66' title='bbox 1400 1326 1403 1331; x_wconf 93' lang='lat'>·</span> 
     </span>
    </p>
   </div>
   <div class='ocr_carea' id='block_1_7' title="bbox 76 1387 1301 4483">
    <p class='ocr_par' dir='ltr' id='par_1_7' title="bbox 76 1387 1301 4483">
     <span class='ocr_line' id='line_1_10' title="bbox 119 1387 1298 1463; baseline -0.002 -17"><span class='ocrx_word' id='word_1_67' title='bbox 119 1387 185 1447; x_wconf 87' lang='lat' dir='ltr'>fieri</span> <span class='ocrx_word' id='word_1_68' title='bbox 204 1388 411 1462; x_wconf 73' lang='lat' dir='ltr'>adsensiones,</span> <span class='ocrx_word' id='word_1_69' title='bbox 435 1387 514 1463; x_wconf 88' lang='lat' dir='ltr'>quod</span> <span class='ocrx_word' id='word_1_70' title='bbox 533 1389 670 1463; x_wconf 83' lang='lat' dir='ltr'>proxima</span> <span class='ocrx_word' id='word_1_71' title='bbox 692 1388 746 1446; x_wconf 90' lang='lat' dir='ltr'>illa</span> <span class='ocrx_word' id='word_1_72' title='bbox 771 1390 801 1446; x_wconf 90' lang='lat' dir='ltr'>et</span> <span class='ocrx_word' id='word_1_73' title='bbox 819 1387 973 1447; x_wconf 91' lang='lat' dir='ltr'>continens</span> <span class='ocrx_word' id='word_1_74' title='bbox 993 1403 1083 1446; x_wconf 91' lang='lat' dir='ltr'>causa</span> <span class='ocrx_word' id='word_1_75' title='bbox 1101 1403 1161 1444; x_wconf 91' lang='lat' dir='ltr'>non</span> <span class='ocrx_word' id='word_1_76' title='bbox 1179 1388 1298 1446; x_wconf 80' lang='lat' dir='ltr'>moreat</span> 
     </span>
     <span class='ocr_line' id='line_1_11' title="bbox 119 1469 1299 1553; baseline -0.003 -16"><span class='ocrx_word' id='word_1_77' title='bbox 119 1477 342 1553; x_wconf 79' lang='lat' dir='ltr'>adsensionem,</span> <span class='ocrx_word' id='word_1_78' title='bbox 370 1508 408 1519; x_wconf 89' lang='lat'>—</span> <span class='ocrx_word' id='word_1_79' title='bbox 433 1476 502 1536; x_wconf 80' lang='lat' dir='ltr'>uide</span> <span class='ocrx_word' id='word_1_80' title='bbox 525 1496 563 1536; x_wconf 93' lang='lat' dir='ltr'>ne</span> <span class='ocrx_word' id='word_1_81' title='bbox 585 1476 665 1536; x_wconf 91' lang='lat' dir='ltr'>idem</span> <span class='ocrx_word' id='word_1_82' title='bbox 689 1469 809 1536; x_wconf 65' lang='lat' dir='ltr'>dicant?</span> <span class='ocrx_word' id='word_1_83' title='bbox 851 1477 926 1535; x_wconf 88' lang='lat' dir='ltr'>haec</span> <span class='ocrx_word' id='word_1_84' title='bbox 951 1477 1091 1550; x_wconf 88' lang='lat' dir='ltr'>corrupta</span> <span class='ocrx_word' id='word_1_85' title='bbox 1111 1493 1176 1534; x_wconf 91' lang='lat' dir='ltr'>esse</span> <span class='ocrx_word' id='word_1_86' title='bbox 1195 1493 1299 1535; x_wconf 88' lang='lat' dir='ltr'>omnes</span> 
     </span>
     <span class='ocr_line' id='line_1_12' title="bbox 120 1557 1298 1640; baseline -0.002 -15"><span class='ocrx_word' id='word_1_87' title='bbox 120 1566 253 1626; x_wconf 88' lang='lat' dir='ltr'>editores</span> <span class='ocrx_word' id='word_1_88' title='bbox 273 1569 453 1626; x_wconf 88' lang='lat' dir='ltr'>censuerunt</span> <span class='ocrx_word' id='word_1_89' title='bbox 472 1567 593 1625; x_wconf 89' lang='lat' dir='ltr'>auctore</span> <span class='ocrx_word' id='word_1_90' title='bbox 612 1565 772 1638; x_wconf 90' lang='lat' dir='ltr'>Lambin0,</span> <span class='ocrx_word' id='word_1_91' title='bbox 797 1565 848 1640; x_wconf 91' lang='lat' dir='ltr'>qui</span> <span class='ocrx_word' id='word_1_92' title='bbox 871 1565 969 1624; x_wconf 93' lang='lat' dir='ltr'>deleto</span> <span class='ocrx_word' id='word_1_93' title='bbox 990 1557 1080 1624; x_wconf 76' lang='lat' dir='ltr'>‘non’</span> <span class='ocrx_word' id='word_1_94' title='bbox 1101 1564 1221 1639; x_wconf 74' lang='lat' dir='ltr'>scripsit</span> <span class='ocrx_word' id='word_1_95' title='bbox 1240 1557 1298 1623; x_wconf 71' lang='lat' dir='ltr'>‘fa</span> 
     </span>
     <span class='ocr_line' id='line_1_13' title="bbox 119 1647 1299 1729; baseline -0.003 -14"><span class='ocrx_word' id='word_1_96' title='bbox 119 1657 245 1715; x_wconf 87' lang='lat' dir='ltr'>teantur</span> <span class='ocrx_word' id='word_1_97' title='bbox 263 1659 286 1716; x_wconf 92' lang='lat' dir='ltr'>t.</span> <span class='ocrx_word' id='word_1_98' title='bbox 304 1673 355 1714; x_wconf 86' lang='lat' dir='ltr'>eas</span> <span class='ocrx_word' id='word_1_99' title='bbox 376 1655 440 1717; x_wconf 82' lang='lat' dir='ltr'>sine</span> <span class='ocrx_word' id='word_1_100' title='bbox 458 1655 522 1714; x_wconf 87' lang='lat' dir='ltr'>viso</span> <span class='ocrx_word' id='word_1_101' title='bbox 541 1673 567 1713; x_wconf 90' lang='lat' dir='ltr'>a.</span> <span class='ocrx_word' id='word_1_102' title='bbox 586 1647 674 1714; x_wconf 87' lang='lat' dir='ltr'>fieri&#39;.</span> <span class='ocrx_word' id='word_1_103' title='bbox 701 1657 734 1713; x_wconf 85' lang='lat' dir='ltr'>at</span> <span class='ocrx_word' id='word_1_104' title='bbox 751 1654 874 1729; x_wconf 89' lang='lat' dir='ltr'>quinam</span> <span class='ocrx_word' id='word_1_105' title='bbox 892 1653 1028 1713; x_wconf 88' lang='lat' dir='ltr'>homines</span> <span class='ocrx_word' id='word_1_106' title='bbox 1047 1654 1203 1729; x_wconf 78' lang='lat' dir='ltr'>posuerint</span> <span class='ocrx_word' id='word_1_107' title='bbox 1221 1654 1299 1713; x_wconf 88' lang='lat' dir='ltr'>viso·</span> 
     </span>
     <span class='ocr_line' id='line_1_14' title="bbox 76 1742 1299 1821; baseline -0.001 -19"><span class='ocrx_word' id='word_1_108' title='bbox 76 1750 79 1757; x_wconf 88' lang='lat'>&#39;</span> <span class='ocrx_word' id='word_1_109' title='bbox 120 1764 189 1802; x_wconf 91' lang='lat' dir='ltr'>rum</span> <span class='ocrx_word' id='word_1_110' title='bbox 208 1744 441 1820; x_wconf 75' lang='lat' dir='ltr'>approbationes</span> <span class='ocrx_word' id='word_1_111' title='bbox 462 1743 526 1802; x_wconf 87' lang='lat' dir='ltr'>sine</span> <span class='ocrx_word' id='word_1_112' title='bbox 540 1743 612 1803; x_wconf 81' lang='lat' dir='ltr'>uisis</span> <span class='ocrx_word' id='word_1_113' title='bbox 627 1743 721 1821; x_wconf 80' lang='lat' dir='ltr'>gigni,</span> <span class='ocrx_word' id='word_1_114' title='bbox 740 1744 828 1818; x_wconf 89' lang='lat' dir='ltr'>plane</span> <span class='ocrx_word' id='word_1_115' title='bbox 843 1742 950 1803; x_wconf 90' lang='lat' dir='ltr'>nescio.</span> <span class='ocrx_word' id='word_1_116' title='bbox 987 1745 1089 1801; x_wconf 85' lang='lat' dir='ltr'>tamen</span> <span class='ocrx_word' id='word_1_117' title='bbox 1107 1761 1193 1801; x_wconf 88' lang='lat' dir='ltr'>nemo</span> <span class='ocrx_word' id='word_1_118' title='bbox 1212 1742 1299 1801; x_wconf 90' lang='lat' dir='ltr'>Lam-</span> 
     </span>
     <span class='ocr_line' id='line_1_15' title="bbox 119 1829 1299 1893; baseline -0.003 -1"><span class='ocrx_word' id='word_1_119' title='bbox 119 1833 227 1892; x_wconf 91' lang='lat' dir='ltr'>binum</span> <span class='ocrx_word' id='word_1_120' title='bbox 244 1852 305 1893; x_wconf 91' lang='lat' dir='ltr'>non</span> <span class='ocrx_word' id='word_1_121' title='bbox 325 1835 444 1893; x_wconf 89' lang='lat' dir='ltr'>secutus</span> <span class='ocrx_word' id='word_1_122' title='bbox 469 1835 516 1891; x_wconf 91' lang='lat' dir='ltr'>est</span> <span class='ocrx_word' id='word_1_123' title='bbox 541 1831 573 1890; x_wconf 93' lang='lat' dir='ltr'>in</span> <span class='ocrx_word' id='word_1_124' title='bbox 592 1832 773 1891; x_wconf 90' lang='lat' dir='ltr'>recensenda</span> <span class='ocrx_word' id='word_1_125' title='bbox 791 1832 847 1890; x_wconf 90' lang='lat' dir='ltr'>hac</span> <span class='ocrx_word' id='word_1_126' title='bbox 866 1831 1024 1891; x_wconf 88' lang='lat' dir='ltr'>sententia.</span> <span class='ocrx_word' id='word_1_127' title='bbox 1061 1831 1131 1890; x_wconf 86' lang='lat' dir='ltr'>audi</span> <span class='ocrx_word' id='word_1_128' title='bbox 1151 1829 1299 1890; x_wconf 89' lang='lat' dir='ltr'>Heineum</span> 
     </span>
     <span class='ocr_line' id='line_1_16' title="bbox 120 1914 1300 2002; baseline -0.001 -21"><span class='ocrx_word' id='word_1_129' title='bbox 120 1914 227 2002; x_wconf 82' lang='lat' dir='ltr'>(Stoic.</span> <span class='ocrx_word' id='word_1_130' title='bbox 247 1922 284 1980; x_wconf 93' lang='lat' dir='ltr'>de</span> <span class='ocrx_word' id='word_1_131' title='bbox 303 1921 366 1981; x_wconf 84' lang='lat' dir='ltr'>fato</span> <span class='ocrx_word' id='word_1_132' title='bbox 385 1921 477 1981; x_wconf 85' lang='lat' dir='ltr'>doctr.</span> <span class='ocrx_word' id='word_1_133' title='bbox 497 1921 606 1980; x_wconf 88' lang='lat' dir='ltr'>Numb.</span> <span class='ocrx_word' id='word_1_134' title='bbox 628 1922 712 1980; x_wconf 83' lang='lat'>1859</span> <span class='ocrx_word' id='word_1_135' title='bbox 732 1940 760 1996; x_wconf 94' lang='lat' dir='ltr'>p.</span> <span class='ocrx_word' id='word_1_136' title='bbox 779 1922 828 2002; x_wconf 81' lang='lat'>2):</span> <span class='ocrx_word' id='word_1_137' title='bbox 848 1914 967 1981; x_wconf 76' lang='lat' dir='ltr'>‘Cicero</span> <span class='ocrx_word' id='word_1_138' title='bbox 982 1964 988 1977; x_wconf 91' lang='lat'>.</span> <span class='ocrx_word' id='word_1_139' title='bbox 1005 1920 1057 1979; x_wconf 93' lang='lat' dir='ltr'>.in</span> <span class='ocrx_word' id='word_1_140' title='bbox 1075 1920 1196 1996; x_wconf 82' lang='lat' dir='ltr'>Epicuri</span> <span class='ocrx_word' id='word_1_141' title='bbox 1215 1921 1300 1997; x_wconf 86' lang='lat' dir='ltr'>igno-</span> 
     </span>
     <span class='ocr_line' id='line_1_17' title="bbox 119 2009 1300 2088; baseline -0.001 -19"><span class='ocrx_word' id='word_1_142' title='bbox 119 2013 253 2070; x_wconf 88' lang='lat' dir='ltr'>rantiam</span> <span class='ocrx_word' id='word_1_143' title='bbox 280 2014 371 2088; x_wconf 91' lang='lat' dir='ltr'>atque</span> <span class='ocrx_word' id='word_1_144' title='bbox 400 2009 573 2087; x_wconf 89' lang='lat' dir='ltr'>disputandi</span> <span class='ocrx_word' id='word_1_145' title='bbox 600 2010 752 2070; x_wconf 88' lang='lat' dir='ltr'>licentiam</span> <span class='ocrx_word' id='word_1_146' title='bbox 781 2011 819 2069; x_wconf 92' lang='lat' dir='ltr'>ad</span> <span class='ocrx_word' id='word_1_147' title='bbox 847 2011 968 2069; x_wconf 93' lang='lat' dir='ltr'>modum</span> <span class='ocrx_word' id='word_1_148' title='bbox 991 2009 1122 2069; x_wconf 89' lang='lat' dir='ltr'>rhetoris</span> <span class='ocrx_word' id='word_1_149' title='bbox 1148 2009 1300 2070; x_wconf 89' lang='lat' dir='ltr'>invehitur</span> 
     </span>
     <span class='ocr_line' id='line_1_18' title="bbox 120 2093 1300 2180; baseline -0.001 -21"><span class='ocrx_word' id='word_1_150' title='bbox 120 2093 190 2180; x_wconf 86' lang='lat'>(10,</span> <span class='ocrx_word' id='word_1_151' title='bbox 210 2102 261 2159; x_wconf 79' lang='lat'>22.</span> <span class='ocrx_word' id='word_1_152' title='bbox 287 2101 337 2174; x_wconf 82' lang='lat'>20,</span> <span class='ocrx_word' id='word_1_153' title='bbox 357 2095 424 2178; x_wconf 81' lang='grc'>46).</span> <span class='ocrx_word' id='word_1_154' title='bbox 457 2103 488 2159; x_wconf 91' lang='lat' dir='ltr'>et</span> <span class='ocrx_word' id='word_1_155' title='bbox 507 2117 653 2158; x_wconf 84' lang='lat' dir='ltr'>summam</span> <span class='ocrx_word' id='word_1_156' title='bbox 672 2099 877 2175; x_wconf 89' lang='lat' dir='ltr'>quaestionem</span> <span class='ocrx_word' id='word_1_157' title='bbox 903 2099 989 2158; x_wconf 91' lang='lat' dir='ltr'>adeo</span> <span class='ocrx_word' id='word_1_158' title='bbox 1008 2117 1076 2157; x_wconf 92' lang='lat' dir='ltr'>non</span> <span class='ocrx_word' id='word_1_159' title='bbox 1095 2098 1300 2175; x_wconf 78' lang='lat' dir='ltr'>intellexit,</span> 
     </span>
     <span class='ocr_line' id='line_1_19' title="bbox 119 2186 1299 2265; baseline -0.002 -17"><span class='ocrx_word' id='word_1_160' title='bbox 119 2193 155 2249; x_wconf 94' lang='lat' dir='ltr'>ut</span> <span class='ocrx_word' id='word_1_161' title='bbox 175 2189 338 2249; x_wconf 81' lang='lat' dir='ltr'>contendat</span> <span class='ocrx_word' id='word_1_162' title='bbox 357 2208 407 2249; x_wconf 90' lang='lat' dir='ltr'>eos</span> <span class='ocrx_word' id='word_1_163' title='bbox 426 2187 571 2265; x_wconf 90' lang='lat' dir='ltr'>quidem</span> <span class='ocrx_word' id='word_1_164' title='bbox 590 2189 641 2264; x_wconf 90' lang='lat' dir='ltr'>qui</span> <span class='ocrx_word' id='word_1_165' title='bbox 661 2190 697 2248; x_wconf 89' lang='lat' dir='ltr'>et</span> <span class='ocrx_word' id='word_1_166' title='bbox 715 2188 778 2247; x_wconf 83' lang='lat' dir='ltr'>fato</span> <span class='ocrx_word' id='word_1_167' title='bbox 797 2186 862 2247; x_wconf 89' lang='lat' dir='ltr'>fieri</span> <span class='ocrx_word' id='word_1_168' title='bbox 877 2188 1064 2248; x_wconf 84' lang='lat' dir='ltr'>assensiones</span> <span class='ocrx_word' id='word_1_169' title='bbox 1083 2189 1119 2246; x_wconf 91' lang='lat' dir='ltr'>et</span> <span class='ocrx_word' id='word_1_170' title='bbox 1138 2187 1180 2246; x_wconf 90' lang='lat' dir='ltr'>eis</span> <span class='ocrx_word' id='word_1_171' title='bbox 1199 2206 1299 2248; x_wconf 90' lang='lat' dir='ltr'>neces-</span> 
     </span>
     <span class='ocr_line' id='line_1_20' title="bbox 119 2270 1299 2355; baseline -0.003 -17"><span class='ocrx_word' id='word_1_172' title='bbox 119 2279 201 2338; x_wconf 83' lang='lat' dir='ltr'>sario</span> <span class='ocrx_word' id='word_1_173' title='bbox 219 2277 286 2338; x_wconf 79' lang='lat' dir='ltr'>visa</span> <span class='ocrx_word' id='word_1_174' title='bbox 299 2278 474 2338; x_wconf 76' lang='lat' dir='ltr'>antecedere</span> <span class='ocrx_word' id='word_1_175' title='bbox 489 2280 600 2355; x_wconf 88' lang='lat' dir='ltr'>negent</span> <span class='ocrx_word' id='word_1_176' title='bbox 614 2273 656 2353; x_wconf 61' lang='grc' dir='ltr'>(ἕ.</span> <span class='ocrx_word' id='word_1_177' title='bbox 672 2279 711 2334; x_wconf 83' lang='grc'>44</span> <span class='ocrx_word' id='word_1_178' title='bbox 731 2270 931 2350; x_wconf 59' lang='lat' dir='ltr'>‘conticetur&#39;</span> <span class='ocrx_word' id='word_1_179' title='bbox 950 2277 1034 2353; x_wconf 76' lang='lat' dir='ltr'>scu),</span> <span class='ocrx_word' id='word_1_180' title='bbox 1052 2295 1204 2352; x_wconf 89' lang='lat' dir='ltr'>prorsus</span> <span class='ocrx_word' id='word_1_181' title='bbox 1224 2295 1299 2335; x_wconf 93' lang='lat' dir='ltr'>cum</span> 
     </span>
     <span class='ocr_line' id='line_1_21' title="bbox 120 2366 1299 2444; baseline -0.001 -18"><span class='ocrx_word' id='word_1_182' title='bbox 120 2367 328 2444; x_wconf 82' lang='lat' dir='ltr'>Chrysippo</span> <span class='ocrx_word' id='word_1_183' title='bbox 352 2366 566 2443; x_wconf 88' lang='lat' dir='ltr'>dissentire,</span> <span class='ocrx_word' id='word_1_184' title='bbox 590 2385 649 2426; x_wconf 92' lang='lat' dir='ltr'>eos</span> <span class='ocrx_word' id='word_1_185' title='bbox 672 2386 743 2427; x_wconf 80' lang='lat' dir='ltr'>vero</span> <span class='ocrx_word' id='word_1_186' title='bbox 766 2366 828 2442; x_wconf 91' lang='lat' dir='ltr'>qui</span> <span class='ocrx_word' id='word_1_187' title='bbox 850 2367 1036 2426; x_wconf 88' lang='lat' dir='ltr'>assensiones</span> <span class='ocrx_word' id='word_1_188' title='bbox 1060 2384 1121 2425; x_wconf 95' lang='lat' dir='ltr'>non</span> <span class='ocrx_word' id='word_1_189' title='bbox 1148 2366 1210 2424; x_wconf 87' lang='lat' dir='ltr'>sine</span> <span class='ocrx_word' id='word_1_190' title='bbox 1234 2367 1299 2426; x_wconf 87' lang='lat' dir='ltr'>viso</span> 
     </span>
     <span class='ocr_line' id='line_1_22' title="bbox 119 2451 1299 2532; baseline 0 -18"><span class='ocrx_word' id='word_1_191' title='bbox 119 2456 326 2532; x_wconf 79' lang='lat' dir='ltr'>antecedente,</span> <span class='ocrx_word' id='word_1_192' title='bbox 344 2457 424 2515; x_wconf 86' lang='lat' dir='ltr'>visa</span> <span class='ocrx_word' id='word_1_193' title='bbox 441 2474 513 2516; x_wconf 87' lang='lat' dir='ltr'>vero</span> <span class='ocrx_word' id='word_1_194' title='bbox 532 2451 614 2531; x_wconf 88' lang='lat' dir='ltr'>ipsa</span> <span class='ocrx_word' id='word_1_195' title='bbox 631 2474 700 2515; x_wconf 93' lang='lat' dir='ltr'>non</span> <span class='ocrx_word' id='word_1_196' title='bbox 718 2455 782 2515; x_wconf 86' lang='lat' dir='ltr'>fato</span> <span class='ocrx_word' id='word_1_197' title='bbox 800 2454 865 2514; x_wconf 90' lang='lat' dir='ltr'>fieri</span> <span class='ocrx_word' id='word_1_198' title='bbox 884 2455 994 2530; x_wconf 85' lang='lat' dir='ltr'>dicant,</span> <span class='ocrx_word' id='word_1_199' title='bbox 1012 2455 1112 2515; x_wconf 82' lang='lat' dir='ltr'>uerbis</span> <span class='ocrx_word' id='word_1_200' title='bbox 1131 2472 1191 2513; x_wconf 92' lang='lat' dir='ltr'>non</span> <span class='ocrx_word' id='word_1_201' title='bbox 1209 2474 1242 2513; x_wconf 91' lang='lat' dir='ltr'>re</span> <span class='ocrx_word' id='word_1_202' title='bbox 1261 2455 1299 2514; x_wconf 90' lang='lat' dir='ltr'>ab</span> 
     </span>
     <span class='ocr_line' id='line_1_23' title="bbox 119 2542 1299 2620; baseline -0.001 -17"><span class='ocrx_word' id='word_1_203' title='bbox 119 2545 175 2603; x_wconf 92' lang='lat' dir='ltr'>illo</span> <span class='ocrx_word' id='word_1_204' title='bbox 194 2545 363 2606; x_wconf 89' lang='lat' dir='ltr'>dissentire.</span> <span class='ocrx_word' id='word_1_205' title='bbox 402 2545 445 2604; x_wconf 89' lang='lat' dir='ltr'>sic</span> <span class='ocrx_word' id='word_1_206' title='bbox 464 2543 555 2604; x_wconf 89' lang='lat' dir='ltr'>etiam</span> <span class='ocrx_word' id='word_1_207' title='bbox 573 2544 605 2603; x_wconf 91' lang='lat' dir='ltr'>in</span> <span class='ocrx_word' id='word_1_208' title='bbox 624 2545 680 2603; x_wconf 88' lang='lat' dir='ltr'>hac</span> <span class='ocrx_word' id='word_1_209' title='bbox 699 2544 873 2620; x_wconf 89' lang='lat' dir='ltr'>quaestione</span> <span class='ocrx_word' id='word_1_210' title='bbox 892 2544 923 2603; x_wconf 88' lang='lat' dir='ltr'>id</span> <span class='ocrx_word' id='word_1_211' title='bbox 943 2545 1040 2604; x_wconf 90' lang='lat' dir='ltr'>solum</span> <span class='ocrx_word' id='word_1_212' title='bbox 1059 2542 1230 2602; x_wconf 83' lang='lat' dir='ltr'>Ciceronem</span> <span class='ocrx_word' id='word_1_213' title='bbox 1250 2543 1299 2602; x_wconf 92' lang='lat' dir='ltr'>de·</span> 
     </span>
     <span class='ocr_line' id='line_1_24' title="bbox 118 2630 1298 2715; baseline -0.002 -22"><span class='ocrx_word' id='word_1_214' title='bbox 118 2633 264 2709; x_wconf 85' lang='lat' dir='ltr'>lactabat,</span> <span class='ocrx_word' id='word_1_215' title='bbox 283 2635 362 2710; x_wconf 93' lang='lat' dir='ltr'>quod</span> <span class='ocrx_word' id='word_1_216' title='bbox 377 2630 577 2693; x_wconf 89' lang='lat' dir='ltr'>adactionem</span> <span class='ocrx_word' id='word_1_217' title='bbox 596 2634 735 2709; x_wconf 88' lang='lat' dir='ltr'>pertinet,</span> <span class='ocrx_word' id='word_1_218' title='bbox 756 2651 936 2709; x_wconf 88' lang='lat' dir='ltr'>quamquam</span> <span class='ocrx_word' id='word_1_219' title='bbox 955 2632 1067 2715; x_wconf 40' lang='lat' dir='ltr'>ne&#39;hoc</span> <span class='ocrx_word' id='word_1_220' title='bbox 1086 2633 1206 2707; x_wconf 88' lang='lat' dir='ltr'>quidem</span> <span class='ocrx_word' id='word_1_221' title='bbox 1225 2631 1298 2691; x_wconf 89' lang='lat' dir='ltr'>satis</span> 
     </span>
     <span class='ocr_line' id='line_1_25' title="bbox 120 2715 1300 2800; baseline -0.003 -18"><span class='ocrx_word' id='word_1_222' title='bbox 120 2715 296 2799; x_wconf 71' lang='lat' dir='ltr'>perspexit?</span> <span class='ocrx_word' id='word_1_223' title='bbox 338 2722 409 2800; x_wconf 90' lang='lat' dir='ltr'>quid</span> <span class='ocrx_word' id='word_1_224' title='bbox 432 2722 540 2782; x_wconf 91' lang='lat' dir='ltr'>ultima</span> <span class='ocrx_word' id='word_1_225' title='bbox 561 2723 685 2782; x_wconf 88' lang='lat' dir='ltr'>valeant</span> <span class='ocrx_word' id='word_1_226' title='bbox 702 2721 806 2796; x_wconf 82' lang='lat' dir='ltr'>uerba,</span> <span class='ocrx_word' id='word_1_227' title='bbox 830 2721 872 2779; x_wconf 89' lang='lat' dir='ltr'>dii</span> <span class='ocrx_word' id='word_1_228' title='bbox 894 2721 1024 2781; x_wconf 86' lang='lat' dir='ltr'>fortasse</span> <span class='ocrx_word' id='word_1_229' title='bbox 1048 2720 1244 2798; x_wconf 86' lang='lat' dir='ltr'>perspiciunt;</span> <span class='ocrx_word' id='word_1_230' title='bbox 1267 2721 1300 2779; x_wconf 91' lang='lat' dir='ltr'>in</span> 
     </span>
     <span class='ocr_line' id='line_1_26' title="bbox 86 2809 1301 2887; baseline -0.003 -15"><span class='ocrx_word' id='word_1_231' title='bbox 86 2846 92 2855; x_wconf 93' lang='lat'><strong>·</strong></span> <span class='ocrx_word' id='word_1_232' title='bbox 120 2812 232 2872; x_wconf 85' lang='lat' dir='ltr'>ceteris</span> <span class='ocrx_word' id='word_1_233' title='bbox 247 2830 323 2886; x_wconf 90' lang='lat' dir='ltr'>quae</span> <span class='ocrx_word' id='word_1_234' title='bbox 338 2811 433 2871; x_wconf 93' lang='lat' dir='ltr'>Heine</span> <span class='ocrx_word' id='word_1_235' title='bbox 447 2811 523 2870; x_wconf 90' lang='lat' dir='ltr'>falso</span> <span class='ocrx_word' id='word_1_236' title='bbox 537 2811 630 2871; x_wconf 82' lang='lat' dir='ltr'>uertit</span> <span class='ocrx_word' id='word_1_237' title='bbox 642 2810 727 2870; x_wconf 83' lang='lat' dir='ltr'>vides</span> <span class='ocrx_word' id='word_1_238' title='bbox 741 2810 837 2870; x_wconf 90' lang='lat' dir='ltr'>literis</span> <span class='ocrx_word' id='word_1_239' title='bbox 853 2809 1020 2887; x_wconf 86' lang='lat' dir='ltr'>significata</span> <span class='ocrx_word' id='word_1_240' title='bbox 1030 2809 1187 2870; x_wconf 88' lang='lat' dir='ltr'>distinctis.</span> <span class='ocrx_word' id='word_1_241' title='bbox 1212 2809 1301 2869; x_wconf 89' lang='lat' dir='ltr'>Lam-</span> 
     </span>
     <span class='ocr_line' id='line_1_27' title="bbox 120 2890 1299 2981; baseline -0.002 -21"><span class='ocrx_word' id='word_1_242' title='bbox 120 2902 229 2973; x_wconf 87' lang='lat' dir='ltr'>binum</span> <span class='ocrx_word' id='word_1_243' title='bbox 253 2900 347 2976; x_wconf 87' lang='lat' dir='ltr'>igitur</span> <span class='ocrx_word' id='word_1_244' title='bbox 373 2903 404 2960; x_wconf 92' lang='lat' dir='ltr'>et</span> <span class='ocrx_word' id='word_1_245' title='bbox 427 2900 580 2959; x_wconf 88' lang='lat' dir='ltr'>Bromium</span> <span class='ocrx_word' id='word_1_246' title='bbox 606 2890 673 2981; x_wconf 90' lang='lat' dir='ltr'>(qui</span> <span class='ocrx_word' id='word_1_247' title='bbox 699 2893 775 2959; x_wconf 75' lang='lat' dir='ltr'>‘non</span> <span class='ocrx_word' id='word_1_248' title='bbox 800 2899 953 2959; x_wconf 86' lang='lat' dir='ltr'>fateantur</span> <span class='ocrx_word' id='word_1_249' title='bbox 978 2918 1028 2959; x_wconf 89' lang='lat' dir='ltr'>eas</span> <span class='ocrx_word' id='word_1_250' title='bbox 1052 2917 1111 2958; x_wconf 91' lang='lat' dir='ltr'>non</span> <span class='ocrx_word' id='word_1_251' title='bbox 1137 2899 1194 2958; x_wconf 91' lang='lat' dir='ltr'>nisi</span> <span class='ocrx_word' id='word_1_252' title='bbox 1218 2892 1299 2959; x_wconf 88' lang='lat' dir='ltr'>viso&#39;</span> 
     </span>
     <span class='ocr_line' id='line_1_28' title="bbox 121 2981 1299 3067; baseline -0.002 -18"><span class='ocrx_word' id='word_1_253' title='bbox 121 2982 259 3067; x_wconf 83' lang='lat' dir='ltr'>scripsit)</span> <span class='ocrx_word' id='word_1_254' title='bbox 285 2992 405 3050; x_wconf 89' lang='lat' dir='ltr'>secutus</span> <span class='ocrx_word' id='word_1_255' title='bbox 427 2989 479 3048; x_wconf 91' lang='lat' dir='ltr'>ille</span> <span class='ocrx_word' id='word_1_256' title='bbox 503 2981 702 3048; x_wconf 75' lang='lat' dir='ltr'>‘infitiantur’</span> <span class='ocrx_word' id='word_1_257' title='bbox 727 2988 917 3048; x_wconf 89' lang='lat' dir='ltr'>scribendum</span> <span class='ocrx_word' id='word_1_258' title='bbox 940 2989 1108 3064; x_wconf 90' lang='lat' dir='ltr'>proposuit,</span> <span class='ocrx_word' id='word_1_259' title='bbox 1132 3006 1299 3063; x_wconf 87' lang='lat' dir='ltr'>anonymus</span> 
     </span>
     <span class='ocr_line' id='line_1_29' title="bbox 120 3071 1300 3155; baseline 0 -19"><span class='ocrx_word' id='word_1_260' title='bbox 120 3078 246 3155; x_wconf 88' lang='lat' dir='ltr'>quidam</span> <span class='ocrx_word' id='word_1_261' title='bbox 268 3077 300 3137; x_wconf 93' lang='lat' dir='ltr'>in</span> <span class='ocrx_word' id='word_1_262' title='bbox 323 3076 711 3139; x_wconf 83' lang='lat' dir='ltr'>LitCentralblatt1860</span> <span class='ocrx_word' id='word_1_263' title='bbox 734 3098 763 3137; x_wconf 93' lang='lat' dir='ltr'>n.</span> <span class='ocrx_word' id='word_1_264' title='bbox 784 3081 822 3136; x_wconf 95' lang='lat'>11</span> <span class='ocrx_word' id='word_1_265' title='bbox 848 3071 1020 3136; x_wconf 76' lang='lat' dir='ltr'>‘satuentur</span> <span class='ocrx_word' id='word_1_266' title='bbox 1042 3079 1146 3135; x_wconf 90' lang='lat' dir='ltr'>tamen</span> <span class='ocrx_word' id='word_1_267' title='bbox 1165 3095 1215 3136; x_wconf 86' lang='lat' dir='ltr'>eas</span> <span class='ocrx_word' id='word_1_268' title='bbox 1234 3077 1300 3136; x_wconf 88' lang='lat' dir='ltr'>sine</span> 
     </span>
     <span class='ocr_line' id='line_1_30' title="bbox 121 3159 1299 3241; baseline -0.003 -13"><span class='ocrx_word' id='word_1_269' title='bbox 121 3161 162 3229; x_wconf 77' lang='lat' dir='ltr'>u&#39;</span> <span class='ocrx_word' id='word_1_270' title='bbox 181 3167 320 3241; x_wconf 89' lang='lat' dir='ltr'>coniecit,</span> <span class='ocrx_word' id='word_1_271' title='bbox 340 3160 410 3226; x_wconf 72' lang='lat' dir='ltr'>‘non</span> <span class='ocrx_word' id='word_1_272' title='bbox 428 3168 581 3227; x_wconf 86' lang='lat' dir='ltr'>fateantur</span> <span class='ocrx_word' id='word_1_273' title='bbox 600 3185 650 3226; x_wconf 90' lang='lat' dir='ltr'>eas</span> <span class='ocrx_word' id='word_1_274' title='bbox 669 3186 728 3227; x_wconf 91' lang='lat' dir='ltr'>non</span> <span class='ocrx_word' id='word_1_275' title='bbox 747 3166 810 3226; x_wconf 91' lang='lat' dir='ltr'>sine</span> <span class='ocrx_word' id='word_1_276' title='bbox 829 3160 905 3226; x_wconf 82' lang='lat' dir='ltr'>uiso&#39;</span> <span class='ocrx_word' id='word_1_277' title='bbox 924 3167 955 3225; x_wconf 89' lang='lat' dir='ltr'>et</span> <span class='ocrx_word' id='word_1_278' title='bbox 973 3184 1041 3225; x_wconf 89' lang='lat' dir='ltr'>mox</span> <span class='ocrx_word' id='word_1_279' title='bbox 1060 3159 1132 3223; x_wconf 75' lang='lat' dir='ltr'>‘alia</span> <span class='ocrx_word' id='word_1_280' title='bbox 1150 3166 1228 3225; x_wconf 90' lang='lat' dir='ltr'>ratio</span> <span class='ocrx_word' id='word_1_281' title='bbox 1248 3159 1299 3224; x_wconf 90' lang='lat' dir='ltr'>sit&#39;</span> 
     </span>
     <span class='ocr_line' id='line_1_31' title="bbox 120 3241 1299 3332; baseline -0.002 -18"><span class='ocrx_word' id='word_1_282' title='bbox 120 3257 242 3332; x_wconf 88' lang='lat' dir='ltr'>Kayser</span> <span class='ocrx_word' id='word_1_283' title='bbox 265 3242 433 3332; x_wconf 82' lang='lat' dir='ltr'>temptavit.</span> <span class='ocrx_word' id='word_1_284' title='bbox 469 3259 502 3315; x_wconf 90' lang='lat' dir='ltr'>at</span> <span class='ocrx_word' id='word_1_285' title='bbox 519 3275 625 3315; x_wconf 87' lang='lat' dir='ltr'>verum</span> <span class='ocrx_word' id='word_1_286' title='bbox 643 3256 675 3314; x_wconf 91' lang='lat' dir='ltr'>in</span> <span class='ocrx_word' id='word_1_287' title='bbox 693 3254 843 3315; x_wconf 87' lang='lat' dir='ltr'>codicibus</span> <span class='ocrx_word' id='word_1_288' title='bbox 864 3257 970 3314; x_wconf 87' lang='lat' dir='ltr'>exstat.</span> <span class='ocrx_word' id='word_1_289' title='bbox 1000 3241 1039 3312; x_wconf 77' lang='lat' dir='ltr'>&#39;de</span> <span class='ocrx_word' id='word_1_290' title='bbox 1058 3254 1171 3312; x_wconf 88' lang='lat' dir='ltr'>eisdem</span> <span class='ocrx_word' id='word_1_291' title='bbox 1189 3255 1299 3330; x_wconf 90' lang='lat' dir='ltr'>agitur.</span> 
     </span>
     <span class='ocr_line' id='line_1_32' title="bbox 121 3341 1300 3419; baseline -0.003 -15"><span class='ocrx_word' id='word_1_292' title='bbox 121 3344 257 3404; x_wconf 82' lang='lat' dir='ltr'>affimat</span> <span class='ocrx_word' id='word_1_293' title='bbox 284 3343 363 3404; x_wconf 92' lang='lat' dir='ltr'>enim</span> <span class='ocrx_word' id='word_1_294' title='bbox 388 3343 554 3405; x_wconf 88' lang='lat' dir='ltr'>Antiochus</span> <span class='ocrx_word' id='word_1_295' title='bbox 581 3364 615 3405; x_wconf 93' lang='lat' dir='ltr'>re</span> <span class='ocrx_word' id='word_1_296' title='bbox 643 3363 715 3404; x_wconf 80' lang='lat' dir='ltr'>vera</span> <span class='ocrx_word' id='word_1_297' title='bbox 741 3344 909 3404; x_wconf 89' lang='lat' dir='ltr'>consentire</span> <span class='ocrx_word' id='word_1_298' title='bbox 937 3361 1005 3402; x_wconf 89' lang='lat' dir='ltr'>oum</span> <span class='ocrx_word' id='word_1_299' title='bbox 1029 3341 1196 3419; x_wconf 81' lang='lat' dir='ltr'>Chrysippo</span> <span class='ocrx_word' id='word_1_300' title='bbox 1221 3344 1300 3403; x_wconf 91' lang='lat' dir='ltr'>Peri-</span> 
     </span>
     <span class='ocr_line' id='line_1_33' title="bbox 121 3430 1300 3511; baseline -0.003 -18"><span class='ocrx_word' id='word_1_301' title='bbox 121 3433 271 3511; x_wconf 86' lang='lat' dir='ltr'>pateticos</span> <span class='ocrx_word' id='word_1_302' title='bbox 295 3433 405 3510; x_wconf 90' lang='lat' dir='ltr'>quippe</span> <span class='ocrx_word' id='word_1_303' title='bbox 424 3433 476 3510; x_wconf 91' lang='lat' dir='ltr'>qui</span> <span class='ocrx_word' id='word_1_304' title='bbox 495 3430 733 3505; x_wconf 59' lang='lat' dir='ltr'>carcercareer</span> <span class='ocrx_word' id='word_1_305' title='bbox 756 3433 829 3493; x_wconf 81' lang='lat' dir='ltr'>visis</span> <span class='ocrx_word' id='word_1_306' title='bbox 853 3433 967 3492; x_wconf 81' lang='lat' dir='ltr'>moveri</span> <span class='ocrx_word' id='word_1_307' title='bbox 985 3435 1038 3492; x_wconf 93' lang='lat' dir='ltr'>aut</span> <span class='ocrx_word' id='word_1_308' title='bbox 1056 3434 1137 3491; x_wconf 89' lang='lat' dir='ltr'>certo</span> <span class='ocrx_word' id='word_1_309' title='bbox 1157 3432 1220 3490; x_wconf 91' lang='lat' dir='ltr'>sine</span> <span class='ocrx_word' id='word_1_310' title='bbox 1239 3433 1300 3491; x_wconf 88' lang='lat' dir='ltr'>illis</span> 
     </span>
     <span class='ocr_line' id='line_1_34' title="bbox 122 3520 1301 3599; baseline -0.002 -17"><span class='ocrx_word' id='word_1_311' title='bbox 122 3523 190 3582; x_wconf 89' lang='lat' dir='ltr'>fieri</span> <span class='ocrx_word' id='word_1_312' title='bbox 215 3528 283 3582; x_wconf 86' lang='lat' dir='ltr'>non&#39;</span> <span class='ocrx_word' id='word_1_313' title='bbox 296 3541 398 3599; x_wconf 91' lang='lat' dir='ltr'>posse,</span> <span class='ocrx_word' id='word_1_314' title='bbox 421 3525 524 3582; x_wconf 89' lang='lat' dir='ltr'>tamen</span> <span class='ocrx_word' id='word_1_315' title='bbox 546 3541 605 3583; x_wconf 89' lang='lat' dir='ltr'>nou</span> <span class='ocrx_word' id='word_1_316' title='bbox 628 3523 696 3582; x_wconf 89' lang='lat' dir='ltr'>illas</span> <span class='ocrx_word' id='word_1_317' title='bbox 721 3523 911 3582; x_wconf 84' lang='lat' dir='ltr'>adsensiones</span> <span class='ocrx_word' id='word_1_318' title='bbox 936 3522 988 3580; x_wconf 90' lang='lat' dir='ltr'>sed</span> <span class='ocrx_word' id='word_1_319' title='bbox 1016 3521 1082 3597; x_wconf 85' lang='lat' dir='ltr'>ipsa</span> <span class='ocrx_word' id='word_1_320' title='bbox 1105 3520 1170 3580; x_wconf 84' lang='lat' dir='ltr'>risa</span> <span class='ocrx_word' id='word_1_321' title='bbox 1193 3525 1301 3580; x_wconf 87' lang='lat' dir='ltr'>natura</span> 
     </span>
     <span class='ocr_line' id='line_1_35' title="bbox 123 3611 1300 3690; baseline -0.004 -18"><span class='ocrx_word' id='word_1_322' title='bbox 123 3631 226 3672; x_wconf 90' lang='lat' dir='ltr'>rerum</span> <span class='ocrx_word' id='word_1_323' title='bbox 249 3613 298 3673; x_wconf 87' lang='lat' dir='ltr'>vel</span> <span class='ocrx_word' id='word_1_324' title='bbox 320 3612 383 3672; x_wconf 87' lang='lat' dir='ltr'>fato</span> <span class='ocrx_word' id='word_1_325' title='bbox 406 3611 492 3690; x_wconf 81' lang='lat' dir='ltr'>gigni</span> <span class='ocrx_word' id='word_1_326' title='bbox 515 3612 628 3671; x_wconf 90' lang='lat' dir='ltr'>dicant:</span> <span class='ocrx_word' id='word_1_327' title='bbox 651 3613 717 3672; x_wconf 91' lang='lat' dir='ltr'>ideo</span> <span class='ocrx_word' id='word_1_328' title='bbox 741 3611 793 3687; x_wconf 93' lang='lat' dir='ltr'>qui</span> <span class='ocrx_word' id='word_1_329' title='bbox 815 3611 974 3670; x_wconf 91' lang='lat' dir='ltr'>ridiculum</span> <span class='ocrx_word' id='word_1_330' title='bbox 999 3627 1064 3668; x_wconf 89' lang='lat' dir='ltr'>esse</span> <span class='ocrx_word' id='word_1_331' title='bbox 1090 3613 1230 3669; x_wconf 87' lang='lat' dir='ltr'>censeant</span> <span class='ocrx_word' id='word_1_332' title='bbox 1247 3611 1300 3668; x_wconf 91' lang='lat' dir='ltr'>im-</span> 
     </span>
     <span class='ocr_line' id='line_1_36' title="bbox 123 3697 1300 3777; baseline -0.002 -17"><span class='ocrx_word' id='word_1_333' title='bbox 123 3705 212 3777; x_wconf 89' lang='lat' dir='ltr'>petus</span> <span class='ocrx_word' id='word_1_334' title='bbox 230 3702 351 3763; x_wconf 88' lang='lat' dir='ltr'>nostros</span> <span class='ocrx_word' id='word_1_335' title='bbox 371 3704 402 3761; x_wconf 90' lang='lat' dir='ltr'>et</span> <span class='ocrx_word' id='word_1_336' title='bbox 418 3702 610 3761; x_wconf 85' lang='lat' dir='ltr'>adsensiones</span> <span class='ocrx_word' id='word_1_337' title='bbox 633 3701 691 3777; x_wconf 91' lang='lat' dir='ltr'>ipsi</span> <span class='ocrx_word' id='word_1_338' title='bbox 709 3701 772 3760; x_wconf 89' lang='lat' dir='ltr'>fato</span> <span class='ocrx_word' id='word_1_339' title='bbox 797 3701 937 3776; x_wconf 85' lang='lat' dir='ltr'>subdere,</span> <span class='ocrx_word' id='word_1_340' title='bbox 961 3700 1016 3758; x_wconf 90' lang='lat' dir='ltr'>hos</span> <span class='ocrx_word' id='word_1_341' title='bbox 1039 3697 1112 3757; x_wconf 91' lang='lat' dir='ltr'>dicit</span> <span class='ocrx_word' id='word_1_342' title='bbox 1135 3698 1300 3759; x_wconf 84' lang='lat' dir='ltr'>Antiochus</span> 
     </span>
     <span class='ocr_line' id='line_1_37' title="bbox 123 3786 1300 3867; baseline -0.003 -18"><span class='ocrx_word' id='word_1_343' title='bbox 123 3792 246 3867; x_wconf 89' lang='lat' dir='ltr'>propria</span> <span class='ocrx_word' id='word_1_344' title='bbox 263 3790 314 3850; x_wconf 84' lang='lat' dir='ltr'>via</span> <span class='ocrx_word' id='word_1_345' title='bbox 338 3789 376 3849; x_wconf 86' lang='lat' dir='ltr'>ad</span> <span class='ocrx_word' id='word_1_346' title='bbox 400 3791 527 3850; x_wconf 91' lang='lat' dir='ltr'>eundem</span> <span class='ocrx_word' id='word_1_347' title='bbox 545 3789 635 3850; x_wconf 88' lang='lat' dir='ltr'>finem</span> <span class='ocrx_word' id='word_1_348' title='bbox 653 3793 744 3866; x_wconf 88' lang='lat' dir='ltr'>atque</span> <span class='ocrx_word' id='word_1_349' title='bbox 763 3786 966 3866; x_wconf 90' lang='lat' dir='ltr'>Chrysippum</span> <span class='ocrx_word' id='word_1_350' title='bbox 991 3806 1161 3864; x_wconf 89' lang='lat' dir='ltr'>properare.</span> <span class='ocrx_word' id='word_1_351' title='bbox 1198 3789 1300 3864; x_wconf 90' lang='lat' dir='ltr'>itaque</span> 
     </span>
     <span class='ocr_line' id='line_1_38' title="bbox 123 3872 1300 3954; baseline -0.002 -16"><span class='ocrx_word' id='word_1_352' title='bbox 123 3873 421 3954; x_wconf 68' lang='grc' dir='ltr'>ναῶ-παράφραειν</span> <span class='ocrx_word' id='word_1_353' title='bbox 440 3880 489 3939; x_wconf 88' lang='lat' dir='ltr'>vel</span> <span class='ocrx_word' id='word_1_354' title='bbox 506 3879 748 3939; x_wconf 86' lang='lat' dir='ltr'>translationem:</span> <span class='ocrx_word' id='word_1_355' title='bbox 767 3874 893 3939; x_wconf 85' lang='grc' dir='ltr'>τούτων</span> <span class='ocrx_word' id='word_1_356' title='bbox 912 3872 1016 3938; x_wconf 79' lang='grc' dir='ltr'>οὕτω(</span> <span class='ocrx_word' id='word_1_357' title='bbox 1035 3873 1099 3937; x_wconf 81' lang='grc' dir='ltr'>ὑπὸ</span> <span class='ocrx_word' id='word_1_358' title='bbox 1116 3872 1300 3950; x_wconf 84' lang='grc' dir='ltr'>Χρυείππου</span> 
     </span>
     <span class='ocr_line' id='line_1_39' title="bbox 124 3958 1300 4049; baseline -0.003 -21"><span class='ocrx_word' id='word_1_359' title='bbox 124 3964 321 4030; x_wconf 85' lang='grc' dir='ltr'>ἐκτεθέντων</span> <span class='ocrx_word' id='word_1_360' title='bbox 344 3963 402 4028; x_wconf 85' lang='grc' dir='ltr'>ἐὰν</span> <span class='ocrx_word' id='word_1_361' title='bbox 425 3963 483 4041; x_wconf 79' lang='grc' dir='ltr'>μὲν</span> <span class='ocrx_word' id='word_1_362' title='bbox 509 3963 540 4027; x_wconf 82' lang='grc' dir='ltr'>οἱ</span> <span class='ocrx_word' id='word_1_363' title='bbox 563 3960 756 4042; x_wconf 85' lang='grc' dir='ltr'>ἀρνούμενοι</span> <span class='ocrx_word' id='word_1_364' title='bbox 779 3964 1017 4039; x_wconf 81' lang='grc' dir='ltr'>ευγκαταθέεειε</span> <span class='ocrx_word' id='word_1_365' title='bbox 1041 3958 1111 4049; x_wconf 83' lang='grc' dir='ltr'>(μὴ)</span> <span class='ocrx_word' id='word_1_366' title='bbox 1139 3961 1300 4038; x_wconf 85' lang='grc' dir='ltr'>γίγνεεθαι</span> 
     </span>
     <span class='ocr_line' id='line_1_40' title="bbox 123 4050 1299 4133; baseline -0.001 -17"><span class='ocrx_word' id='word_1_367' title='bbox 123 4052 185 4133; x_wconf 78' lang='grc' dir='ltr'>ὑφ’</span> <span class='ocrx_word' id='word_1_368' title='bbox 208 4052 399 4131; x_wconf 78' lang='grc' dir='ltr'>εἱμαρμένη(</span> <span class='ocrx_word' id='word_1_369' title='bbox 417 4050 504 4131; x_wconf 70' lang='grc' dir='ltr'>ὅμως</span> <span class='ocrx_word' id='word_1_370' title='bbox 528 4052 567 4115; x_wconf 83' lang='grc' dir='ltr'>οὐ</span> <span class='ocrx_word' id='word_1_371' title='bbox 591 4053 706 4129; x_wconf 79' lang='grc' dir='ltr'>λέγωει</span> <span class='ocrx_word' id='word_1_372' title='bbox 724 4051 885 4128; x_wconf 82' lang='grc' dir='ltr'>γίγνεεθαι</span> <span class='ocrx_word' id='word_1_373' title='bbox 905 4051 932 4116; x_wconf 87' lang='grc' dir='ltr'>εἰ</span> <span class='ocrx_word' id='word_1_374' title='bbox 956 4053 996 4130; x_wconf 87' lang='grc' dir='ltr'>μὴ</span> <span class='ocrx_word' id='word_1_375' title='bbox 1018 4053 1204 4129; x_wconf 80' lang='grc' dir='ltr'>φανταειῶν</span> <span class='ocrx_word' id='word_1_376' title='bbox 1223 4071 1299 4129; x_wconf 91' lang='grc' dir='ltr'>προ-</span> 
     </span>
     <span class='ocr_line' id='line_1_41' title="bbox 124 4138 1300 4223; baseline -0.003 -16"><span class='ocrx_word' id='word_1_377' title='bbox 124 4142 316 4223; x_wconf 83' lang='grc' dir='ltr'>ηγουμένων</span> <span class='ocrx_word' id='word_1_378' title='bbox 333 4176 370 4186; x_wconf 92' lang='grc'>-</span> <span class='ocrx_word' id='word_1_379' title='bbox 387 4141 445 4206; x_wconf 84' lang='grc' dir='ltr'>ἐὰν</span> <span class='ocrx_word' id='word_1_380' title='bbox 464 4142 499 4204; x_wconf 83' lang='grc' dir='ltr'>δὲ</span> <span class='ocrx_word' id='word_1_381' title='bbox 518 4144 728 4220; x_wconf 83' lang='grc' dir='ltr'>εογχωρῶαν,</span> <span class='ocrx_word' id='word_1_382' title='bbox 747 4138 796 4204; x_wconf 83' lang='grc' dir='ltr'>ὅτι</span> <span class='ocrx_word' id='word_1_383' title='bbox 815 4140 987 4220; x_wconf 82' lang='grc' dir='ltr'>φανταείαι</span> <span class='ocrx_word' id='word_1_384' title='bbox 1006 4141 1063 4218; x_wconf 81' lang='grc' dir='ltr'>μὲν</span> <span class='ocrx_word' id='word_1_385' title='bbox 1082 4143 1300 4218; x_wconf 83' lang='grc' dir='ltr'>προηγοῦνται</span> 
     </span>
     <span class='ocr_line' id='line_1_42' title="bbox 124 4225 1299 4308; baseline -0.001 -14"><span class='ocrx_word' id='word_1_386' title='bbox 124 4230 155 4295; x_wconf 82' lang='grc' dir='ltr'>αἱ</span> <span class='ocrx_word' id='word_1_387' title='bbox 174 4233 210 4296; x_wconf 82' lang='grc' dir='ltr'>δὲ</span> <span class='ocrx_word' id='word_1_388' title='bbox 226 4230 468 4307; x_wconf 81' lang='grc' dir='ltr'>ευγκαταθέεειε</span> <span class='ocrx_word' id='word_1_389' title='bbox 487 4227 548 4307; x_wconf 80' lang='grc' dir='ltr'>ὑφ’</span> <span class='ocrx_word' id='word_1_390' title='bbox 568 4229 755 4308; x_wconf 79' lang='grc' dir='ltr'>εἱμαρμένη(</span> <span class='ocrx_word' id='word_1_391' title='bbox 774 4229 813 4293; x_wconf 85' lang='grc' dir='ltr'>οὐ</span> <span class='ocrx_word' id='word_1_392' title='bbox 832 4229 997 4306; x_wconf 88' lang='grc' dir='ltr'>γίγνονται</span> <span class='ocrx_word' id='word_1_393' title='bbox 1017 4225 1088 4308; x_wconf 79' lang='grc' dir='ltr'>(ἅτε</span> <span class='ocrx_word' id='word_1_394' title='bbox 1103 4227 1162 4292; x_wconf 87' lang='grc' dir='ltr'>οὐκ</span> <span class='ocrx_word' id='word_1_395' title='bbox 1176 4228 1299 4294; x_wconf 85' lang='grc' dir='ltr'>ἐκείνου</span> 
     </span>
     <span class='ocr_line' id='line_1_43' title="bbox 123 4315 1300 4405; baseline 0 -22"><span class='ocrx_word' id='word_1_396' title='bbox 123 4325 180 4385; x_wconf 85' lang='grc' dir='ltr'>τοῦ</span> <span class='ocrx_word' id='word_1_397' title='bbox 194 4322 380 4401; x_wconf 74' lang='grc' dir='ltr'>ευνεκτμκοῦ</span> <span class='ocrx_word' id='word_1_398' title='bbox 394 4339 430 4383; x_wconf 92' lang='grc' dir='ltr'>τε</span> <span class='ocrx_word' id='word_1_399' title='bbox 443 4319 495 4383; x_wconf 82' lang='grc' dir='ltr'>καὶ</span> <span class='ocrx_word' id='word_1_400' title='bbox 510 4322 664 4398; x_wconf 84' lang='grc' dir='ltr'>ευνεργοῦ</span> <span class='ocrx_word' id='word_1_401' title='bbox 679 4317 781 4383; x_wconf 84' lang='grc' dir='ltr'>αἰτίου</span> <span class='ocrx_word' id='word_1_402' title='bbox 800 4320 858 4397; x_wconf 90' lang='grc' dir='ltr'>τὴν</span> <span class='ocrx_word' id='word_1_403' title='bbox 873 4316 1096 4394; x_wconf 81' lang='grc' dir='ltr'>ευγκατάθεειν</span> <span class='ocrx_word' id='word_1_404' title='bbox 1111 4315 1300 4405; x_wconf 81' lang='grc' dir='ltr'>κινοῦντοε),</span> 
     </span>
     <span class='ocr_line' id='line_1_44' title="bbox 123 4407 1166 4483; baseline -0.002 -10"><span class='ocrx_word' id='word_1_405' title='bbox 123 4411 222 4476; x_wconf 87' lang='grc' dir='ltr'>ταύτὰ</span> <span class='ocrx_word' id='word_1_406' title='bbox 246 4409 356 4483; x_wconf 81' lang='grc' dir='ltr'>λέγειν</span> <span class='ocrx_word' id='word_1_407' title='bbox 373 4407 617 4473; x_wconf 81' lang='grc' dir='ltr'>κινδυνεύουειν.</span> <span class='ocrx_word' id='word_1_408' title='bbox 639 4445 679 4454; x_wconf 94' lang='grc'><strong>-</strong></span> <span class='ocrx_word' id='word_1_409' title='bbox 699 4412 783 4474; x_wconf 80' lang='lat' dir='ltr'>vides</span> <span class='ocrx_word' id='word_1_410' title='bbox 801 4413 876 4472; x_wconf 91' lang='lat' dir='ltr'>nihil</span> <span class='ocrx_word' id='word_1_411' title='bbox 895 4431 959 4471; x_wconf 87' lang='lat' dir='ltr'>esse</span> <span class='ocrx_word' id='word_1_412' title='bbox 979 4412 1166 4471; x_wconf 89' lang='lat' dir='ltr'>mutandum.</span> 
     </span>
    </p>
   </div>
   <div class='ocr_carea' id='block_1_8' title="bbox 0 0 1437 4852">
    <p class='ocr_par' dir='ltr' id='par_1_8' title="bbox 0 0 1437 4852">
     <span class='ocr_line' id='line_1_45' title="bbox 0 0 1437 4852; baseline 0 0"><span class='ocrx_word' id='word_1_413' title='bbox 0 0 1437 4852; x_wconf 95' lang='lat' dir='ltr'> </span> 
     </span>
    </p>
   </div>
  </div>
 </body>
</html>
