2856 4852
524 291 527 296 ’
644 270 824 342 Chrysippea.
856 268 860 275 ’

544 490 634 556 ΠΕΡΙ
669 489 927 556 ΕΙΜΑΡΜΕΝΗ(

668 627 778 683 LIBER
795 627 808 681 I

97 738 137 803 34
237 744 299 804 Cir.
318 744 354 804 de
373 745 436 806 faio
457 747 507 819 17,
527 746 582 804 39:
620 744 664 804 Αο
682 745 757 803 mihi
774 743 894 820 quidem
917 744 1049 819 videtur,
1073 762 1140 804 cum
1163 745 1239 804 duae
1259 765 1323 805 sen-

147 835 263 894 tentiae
286 835 415 894 fuissent
438 836 574 895 veterum
596 833 856 910 philosophorum,
960 832 1146 910 Chrysippus
1169 837 1323 910 tamquam

145 923 263 983 arbiter
286 923 464 983 honorarius
488 923 620 982 medium
643 922 735 982 ferire
758 922 901 995 voluisse,
926 923 979 982 sed
1002 922 1134 998 adplicai
1157 942 1189 982 se
1212 924 1250 982 ad
1273 942 1323 983 eos

146 1013 251 1088 potius
265 1013 318 1088 qui
331 1012 511 1072 necessitate
524 1014 624 1071 motus
643 1012 810 1071 animorum
828 1011 975 1072 liberatos
993 1013 1110 1086 volunt3
1131 1013 1202 1070 dum
1220 1013 1322 1071 autom

147 1101 250 1164 verbis
270 1103 368 1162 utitur
387 1101 449 1161 suis
468 1101 618 1161 delabitur
635 1101 666 1159 in
686 1118 736 1160 eas
756 1099 964 1175 difficultates,
983 1104 1018 1160 πί
1036 1101 1246 1160 necessitatem
1265 1101 1348 1160 fati⁵

147 1190 306 1252 confirmet
323 1191 445 1250 invitus.

237 1281 277 1339 ib.
298 1282 326 1354 9,
347 1282 403 1340 20:
440 1279 484 1339 At
501 1278 553 1355 qui
575 1279 769 1340 introducunt
792 1296 950 1338 causarum
973 1280 1081 1339 seriem
1100 1279 1322 1356 sempiternam,

145 1370 168 1428 ii
186 1370 321 1429 montem
340 1368 482 1444 hominiS‚
504 1369 661 1429 voluntate
684 1368 780 1428 libera.
803 1369 977 1446 spoliatam,
1000 1369 1180 1429 necessitate
1199 1368 1255 1428 fati
1273 1370 1322 1428 de-

144 1459 290 1520 vinciunt.
1336 1466 1350 1505 ³

220 1563 238 1613 2
257 1559 294 1613 ii:
311 1557 378 1625 λ(ι’)ι’
395 1556 486 1626 codd„
505 1555 581 1624 quod
598 1553 662 1612 fori.
681 1556 833 1611 tenendum

97 1663 136 1732 35
239 1689 414 1768 Diogenian.
429 1689 466 1749 fr.
482 1691 510 1762 1,
525 1691 558 1748 2:
583 1681 795 1769 (Χρύςιππος)
810 1685 852 1749 έν
865 1689 916 1768 τῷ
935 1685 1072 1768 πρώτῳ
1091 1685 1176 1764 περὶ
1195 1683 1322 1764 είμαρ-

144 1777 263 1857 μένης
288 1773 420 1857 βιβλίῳ
445 1772 640 1854 βουλόμενος
663 1774 822 1838 δεικνύναι
845 1775 884 1838 τὸ
908 1776 946 1853 δὴ
973 1772 1083 1838 πάνθ’
1108 1772 1166 1838 ὑπ’
1185 1772 1324 1852 ἀνάγκης

144 1865 197 1930 καὶ
220 1869 277 1944 τῆς
301 1862 490 1942 εἱμαρμένης
509 1861 729 1942 κατειλῆφθαι’
751 1862 933 1942 μαρτυρίοις
951 1862 1062 1928 ἄλλοις
1080 1864 1115 1928 τέ
1134 1884 1192 1928 τιςι
1212 1868 1323 1942 χρῆται
1367 1911 1376 1931 .

144 1956 198 2020 καὶ
222 1957 292 2019 τοῖς
315 1952 431 2018 ούτῳςὶ
454 1949 536 2031 παρ’
558 1951 686 2036 Ὁμήρῳ
709 1956 756 2036 τῷ
780 1958 895 2037 ποιητῇ
919 1953 1118 2031 λεγομένοις·

576 2055 668 2122 ‘dir'
690 2057 745 2137 ἐμέ
770 2059 827 2138 μέν
850 2061 908 2139 κὴρ
1335 2071 1348 2112 ⁶

291 2147 459 2229 ἀμφέχανε
483 2149 631 2227 ετυγερή,
653 2147 736 2228 ἥπερ
760 2147 838 2227 λάχε
862 2147 1052 2228 γεινόμενόν
1076 2147 1153 2228 περ’

143 2241 199 2305 καὶ
403 2235 553 2316 ’ὕςτερον
576 2236 652 2302 αὖτε
676 2237 716 2301 τὰ
738 2237 890 2317 πείςεται,
914 2236 992 2302 ἅςςα
1014 2237 1045 2302 οἱ
1069 2236 1140 2302 αίςα

290 2327 468 2410 γεινομένῳ
492 2327 626 2403 έπένηςε
651 2325 742 2410 λίνῳ,
766 2324 821 2408 ὅτε
844 2347 897 2406 μιν
919 2329 990 2392 τέκε
1015 2325 1130 2407 μήτηρ’

143 2419 198 2483 καὶ
289 2415 417 2497 εμοῖραν
440 2413 473 2479 δ’
496 2414 535 2480 οὔ
558 2414 630 2480 τινά
652 2436 731 2495 φημι
755 2418 965 2496 πεφυγμένον
988 2415 1118 2496 ἔμμεναι
1141 2412 1291 2494 ἀνδρῶν’.

217 2519 283 2575 add.
302 2519 370 2576 ibid.
385 2539 412 2575 v.
427 2526 461 2574 22
477 2518 663 2589 Chrysippum
682 2535 794 2575 censere
812 2522 905 2576 πάντα
924 2523 990 2576 καθ’
1008 2521 1175 2588 εἱμαρμένην
1193 2518 1322 2585 γίνεςθαι.

144 2591 308 2647 bustris
381 2591 557 2647 ίΙΙ.Υ127
630 2589 807 2647 9111488

97 2720 133 2785 λ6
235 2723 322 2784 Alex.
336 2725 374 2784 do
388 2720 460 2784 ουκ*
470 2723 501 2783 ΙΙ
515 2744 543 2800 p.
556 2725 619 2784 140
629 2722 692 2784 Or:
714 2715 766 2804 (τὸ
781 2715 850 2783 καθ’
864 2716 1071 2804 εἱμαρμένην)
1087 2717 1132 2782 ῶς
1146 2715 1323 2794 ἀναγκαῖόν

143 2831 181 2874 τε
206 2807 288 2875 εἶναι
311 2809 362 2872 καὶ
385 2806 594 2889 ἀπαράβατον
617 2807 697 2872 κατὰ
719 2808 778 2872 τὸν
801 2811 936 2888 ποιητὴν
959 2809 1017 2873 τὸν
1041 2810 1189 2885 λέγοντα·

236 2920 352 2996 μοῖραν
375 2914 470 2980 δὀὔ
493 2914 564 2981 τινά
587 2935 666 2995 φημι
690 2916 900 2995 πεφυγμένον
923 2914 1053 2995 ἔμμεναι
1077 2914 1218 2994 ἀνδρῶν,

237 3005 277 3071 ού
300 3006 399 3070 κακὸν
422 3005 499 3070 οὐδὲ
522 3004 581 3085 μέν
604 3003 731 3084 έςθλόν,
756 3005 838 3085 έπὴν
860 3005 900 3069 τὰ
923 3007 1035 3085 πρῶτα
1058 3005 1197 3084 γένηται.

219 3107 263 3183 314
282 3109 363 3165 Hom.
382 3108 414 3164 Il.
433 3109 524 3164 2488
534 3126 575 3177 sq.

97 3238 132 3301 37
239 3232 874 3318 Prurderep.st0ie.o.'34p.105013:
911 3235 960 3301 ὅτι
988 3236 1021 3301 δ’
1049 3235 1084 3317 εἡ
1113 3239 1201 3316 κοινὴ
1231 3236 1323 3316 φύςις

147 3329 199 3393 καὶ
231 3327 251 3392 ὁ
283 3327 389 3392 κοινὸς
425 3331 482 3405 τῆς
515 3325 642 3405 φύςεῳς
674 3324 773 3402 λόγος
806 3325 977 3406 εἱμαρμένη
1010 3328 1061 3391 καὶ
1097 3325 1234 3406 πρόνοια
1272 3325 1323 3389 καὶ

146 3415 247 3483 Ζεύς’
271 3417 368 3495 έςτιν,
395 3415 473 3481 οὐδὲ
496 3415 572 3480 τοὺς
595 3412 771 3479 ἀντίποδας
794 3417 922 3495 λέληθε·
947 3420 1113 3495 πανταχοῦ
1137 3415 1198 3494 γὰρ
1221 3418 1322 3479 ταῦτα

147 3509 311 3585 θρυλεῖται
334 3503 391 3569 ὑπ’
414 3504 534 3596 αὐτῶν·
559 3504 609 3568 καὶ

495 3610 592 3676 εΔιὸς
615 3607 648 3674 δ’
670 3611 828 3677 ἐτελείετο
854 3611 969 3693 βουλὴ’
1334 3637 1347 3678 ⁵

146 3703 206 3768 τὸν
227 3701 373 3782 Ὅμηρον
396 3701 554 3779 εἰρηκέναι
577 3701 673 3780 φηςὶν
696 3700 800 3779 ὀρθῶς
822 3703 876 3767 έπὶ
897 3705 956 3782 τὴν
979 3703 1170 3782 εἱμαρμένην
1198 3700 1320 3780 ἀναφέ-

148 3812 249 3870 ροντα
271 3791 323 3854 καὶ
344 3792 404 3870 τὴν
426 3794 493 3854 τῶν
515 3788 604 3854 ὅλων
627 3790 730 3868 φύςιν,
754 3787 827 3855 καθ’
850 3794 890 3870 ἢν
913 3791 1019 3856 πάντα
1042 3796 1218 3856 διοικεῖται

217 3895 409 3964 fragmentum
427 3891 530 3948 rectius
548 3891 620 3946 libro
644 3890 657 3944 Ι
684 3895 747 3960 περί
774 3895 883 3960 φύςεῳς
910 3893 1080 3950 adtribuitur
1177 3895 1321 3948 4αύτῶν·

150 3965 308 4022 Stoicorum
363 3969 379 4018 5
398 3965 479 4020 Hom.
494 3965 586 4020 11.Αύ
642 3963 707 4019 add.
726 3964 813 4018 schol.
833 3967 902 4030 Διὸς
922 3969 1023 4034 βουλὴν
1043 3966 1070 4021 οἳ
1089 3968 1138 4034 μέν
1156 3968 1210 4033 τὴν
1230 3966 1321 4032 εἱμαρ-

149 4038 234 4107 μένην
252 4038 390 4092 ἀπέδοςαν
409 4038 438 4092 ολ
455 4033 528 4090 Plui.
548 4034 583 4089 (1ο
602 4051 702 4091 comm.
722 4037 779 4109 ποί.
799 4053 822 4093 α.
842 4042 877 4091 34

105 4162 141 4228 38
235 4170 308 4230 ibid.
327 4188 351 4230 α.
370 4171 412 4230 47
432 4189 460 4246 p.
479 4168 600 4230 1056ss
708 4163 766 4228 τὸν
790 4163 848 4242 μέν
865 4164 1009 4245 Ὅμηρον
1032 4165 1207 4246 ὑπερφυῶς
1230 4167 1319 4231 έπαι-

150 4258 198 4320 νεῖ
219 4255 293 4334 περλ
315 4257 375 4320 τού
397 4253 479 4320 Διὸς
501 4254 653 4330 λέγοντα·

219 4393 275 4447 *A
293 4398 339 4449 eri
355 4391 460 4448 Aldina
481 4391 558 4463 prior
584 4389 690 4460 (omnir
708 4389 857 4446 Themiriii
875 4407 961 4462 opera
979 4393 1131 4450 Alexandri
1148 4394 1234 4466 Aphr.
1254 4396 1320 4452 libri

152 4461 212 4535 duo,
231 4464 357 4522 Venetiir
377 4468 456 4536 1534)
