<?xml version="1.0" encoding="UTF-8"?>
<!DOCTYPE html PUBLIC "-//W3C//DTD XHTML 1.0 Transitional//EN"
    "http://www.w3.org/TR/xhtml1/DTD/xhtml1-transitional.dtd">
<html xmlns="http://www.w3.org/1999/xhtml" xml:lang="en" lang="en">
 <head>
  <title>
</title>
<meta http-equiv="Content-Type" content="text/html;charset=utf-8" />
  <meta name='ocr-system' content='tesseract 3.04.00' />
  <meta name='ocr-capabilities' content='ocr_page ocr_carea ocr_par ocr_line ocrx_word'/>
</head>
<body>
  <div class='ocr_page' id='page_1' title='image "./chrysippea00chrygoog_0039.png"; bbox 0 0 2856 4852; ppageno 0'>
   <div class='ocr_carea' id='block_1_1' title="bbox 206 246 928 315">
    <p class='ocr_par' dir='ltr' id='par_1_1' title="bbox 206 246 928 315">
     <span class='ocr_line' id='line_1_1' title="bbox 206 246 928 315; baseline -0.001 -12"><span class='ocrx_word' id='word_1_1' title='bbox 206 249 270 315; x_wconf 75' lang='lat'>722</span> <span class='ocrx_word' id='word_1_2' title='bbox 657 246 788 304; x_wconf 73' lang='lat' dir='ltr'>Alfrsdue</span> <span class='ocrx_word' id='word_1_3' title='bbox 807 246 928 304; x_wconf 73' lang='lat' dir='ltr'>Gerekez</span> 
     </span>
    </p>
   </div>
   <div class='ocr_carea' id='block_1_2' title="bbox 201 405 1373 584">
    <p class='ocr_par' dir='ltr' id='par_1_2' title="bbox 201 405 1373 584">
     <span class='ocr_line' id='line_1_2' title="bbox 203 405 1373 492; baseline -0.005 -16"><span class='ocrx_word' id='word_1_4' title='bbox 203 411 244 476; x_wconf 85' lang='grc' dir='ltr'>ἂν</span> <span class='ocrx_word' id='word_1_5' title='bbox 266 416 367 476; x_wconf 85' lang='grc' dir='ltr'>ταῦτα</span> <span class='ocrx_word' id='word_1_6' title='bbox 385 411 518 491; x_wconf 86' lang='grc' dir='ltr'>γίνηται,</span> <span class='ocrx_word' id='word_1_7' title='bbox 541 413 570 492; x_wconf 90' lang='grc' dir='ltr'>ἢ,</span> <span class='ocrx_word' id='word_1_8' title='bbox 595 411 622 476; x_wconf 88' lang='grc' dir='ltr'>εἰ</span> <span class='ocrx_word' id='word_1_9' title='bbox 640 413 681 491; x_wconf 85' lang='grc' dir='ltr'>μὴ</span> <span class='ocrx_word' id='word_1_10' title='bbox 706 410 811 476; x_wconf 85' lang='grc' dir='ltr'>οὕτως</span> <span class='ocrx_word' id='word_1_11' title='bbox 833 411 971 488; x_wconf 83' lang='grc' dir='ltr'>γένοιτο,</span> <span class='ocrx_word' id='word_1_12' title='bbox 995 409 1258 487; x_wconf 91' lang='grc' dir='ltr'>διαςπαςθήςεται</span> <span class='ocrx_word' id='word_1_13' title='bbox 1281 405 1303 485; x_wconf 89' lang='grc' dir='ltr'>ἡ</span> <span class='ocrx_word' id='word_1_14' title='bbox 1321 409 1373 470; x_wconf 85' lang='grc' dir='ltr'>τοῦ</span> 
     </span>
     <span class='ocr_line' id='line_1_3' title="bbox 201 496 1262 584; baseline -0.005 -20"><span class='ocrx_word' id='word_1_15' title='bbox 201 499 319 580; x_wconf 87' lang='grc' dir='ltr'>κόςμου</span> <span class='ocrx_word' id='word_1_16' title='bbox 342 500 393 565; x_wconf 86' lang='grc' dir='ltr'>καὶ</span> <span class='ocrx_word' id='word_1_17' title='bbox 416 504 482 565; x_wconf 84' lang='grc' dir='ltr'>τῶν</span> <span class='ocrx_word' id='word_1_18' title='bbox 505 501 541 565; x_wconf 87' lang='grc' dir='ltr'>ἐν</span> <span class='ocrx_word' id='word_1_19' title='bbox 565 500 653 584; x_wconf 84' lang='grc' dir='ltr'>αὐτῷ</span> <span class='ocrx_word' id='word_1_20' title='bbox 676 502 855 579; x_wconf 87' lang='grc' dir='ltr'>γινομένων</span> <span class='ocrx_word' id='word_1_21' title='bbox 879 520 914 563; x_wconf 88' lang='grc' dir='ltr'>τε</span> <span class='ocrx_word' id='word_1_22' title='bbox 938 498 989 563; x_wconf 88' lang='grc' dir='ltr'>καὶ</span> <span class='ocrx_word' id='word_1_23' title='bbox 1012 496 1117 562; x_wconf 89' lang='grc' dir='ltr'>ὄντων</span> <span class='ocrx_word' id='word_1_24' title='bbox 1141 496 1262 561; x_wconf 82' lang='grc' dir='ltr'>ένωςις.</span> 
     </span>
    </p>
   </div>
   <div class='ocr_carea' id='block_1_3' title="bbox 201 601 1373 745">
    <p class='ocr_par' dir='ltr' id='par_1_3' title="bbox 201 601 1373 745">
     <span class='ocr_line' id='line_1_4' title="bbox 272 601 1373 672; baseline -0.003 -14"><span class='ocrx_word' id='word_1_25' title='bbox 272 607 318 658; x_wconf 79' lang='grc' dir='ltr'>καί</span> <span class='ocrx_word' id='word_1_26' title='bbox 337 606 380 658; x_wconf 88' lang='grc' dir='ltr'>δτι</span> <span class='ocrx_word' id='word_1_27' title='bbox 399 607 435 672; x_wconf 86' lang='grc' dir='ltr'>μὴ</span> <span class='ocrx_word' id='word_1_28' title='bbox 457 604 521 660; x_wconf 62' lang='grc' dir='ltr'>*νὺξ</span> <span class='ocrx_word' id='word_1_29' title='bbox 542 635 575 644; x_wconf 96' lang='grc'>-</span> <span class='ocrx_word' id='word_1_30' title='bbox 594 604 703 671; x_wconf 87' lang='grc' dir='ltr'>θέρους’</span> <span class='ocrx_word' id='word_1_31' title='bbox 725 605 795 672; x_wconf 84' lang='grc' dir='ltr'>μηδὲ</span> <span class='ocrx_word' id='word_1_32' title='bbox 815 604 990 671; x_wconf 63' lang='grc' dir='ltr'>’ἐμπλέκεται</span> <span class='ocrx_word' id='word_1_33' title='bbox 1009 634 1041 642; x_wconf 94' lang='grc'><strong>-</strong></span> <span class='ocrx_word' id='word_1_34' title='bbox 1062 601 1181 656; x_wconf 87' lang='grc' dir='ltr'>ένωςις’.</span> <span class='ocrx_word' id='word_1_35' title='bbox 1263 608 1281 657; x_wconf 80' lang='lat'><strong>2</strong></span> <span class='ocrx_word' id='word_1_36' title='bbox 1301 601 1373 668; x_wconf 84' lang='grc' dir='ltr'>έμπέ·</span> 
     </span>
     <span class='ocr_line' id='line_1_5' title="bbox 201 674 737 745; baseline -0.002 -16"><span class='ocrx_word' id='word_1_37' title='bbox 201 679 316 730; x_wconf 90' lang='grc' dir='ltr'>πλεκται</span> <span class='ocrx_word' id='word_1_38' title='bbox 335 675 360 728; x_wconf 86' lang='lat' dir='ltr'>V</span> <span class='ocrx_word' id='word_1_39' title='bbox 380 678 424 745; x_wconf 84' lang='lat' dir='ltr'>(ex</span> <span class='ocrx_word' id='word_1_40' title='bbox 443 674 512 744; x_wconf 84' lang='lat' dir='ltr'><strong>sil.)·</strong></span> <span class='ocrx_word' id='word_1_41' title='bbox 532 677 695 742; x_wconf 84' lang='grc' dir='ltr'>ἐμπλέκεται</span> <span class='ocrx_word' id='word_1_42' title='bbox 713 677 737 728; x_wconf 85' lang='grc' dir='ltr'><strong>Α</strong></span> 
     </span>
    </p>
   </div>
   <div class='ocr_carea' id='block_1_4' title="bbox 174 799 1374 1668">
    <p class='ocr_par' dir='ltr' id='par_1_4' title="bbox 200 799 1374 1147">
     <span class='ocr_line' id='line_1_6' title="bbox 290 799 1371 883; baseline -0.002 -17"><span class='ocrx_word' id='word_1_43' title='bbox 290 808 330 867; x_wconf 89' lang='lat' dir='ltr'><strong>id.</strong></span> <span class='ocrx_word' id='word_1_44' title='bbox 350 808 385 866; x_wconf 86' lang='lat' dir='ltr'>de</span> <span class='ocrx_word' id='word_1_45' title='bbox 404 826 451 866; x_wconf 81' lang='lat' dir='ltr'><strong>sn.</strong></span> <span class='ocrx_word' id='word_1_46' title='bbox 466 807 495 866; x_wconf 93' lang='grc' dir='ltr'>ΙΙ</span> <span class='ocrx_word' id='word_1_47' title='bbox 513 828 541 883; x_wconf 92' lang='lat' dir='ltr'>p.</span> <span class='ocrx_word' id='word_1_48' title='bbox 559 810 621 868; x_wconf 88' lang='lat'>138</span> <span class='ocrx_word' id='word_1_49' title='bbox 637 805 686 868; x_wconf 90' lang='lat' dir='ltr'>O.:</span> <span class='ocrx_word' id='word_1_50' title='bbox 716 805 736 867; x_wconf 92' lang='grc' dir='ltr'>Γ</span> <span class='ocrx_word' id='word_1_51' title='bbox 738 806 848 868; x_wconf 87' lang='grc' dir='ltr'>ελοῖον</span> <span class='ocrx_word' id='word_1_52' title='bbox 867 803 928 881; x_wconf 88' lang='grc' dir='ltr'>γὰρ</span> <span class='ocrx_word' id='word_1_53' title='bbox 946 803 984 867; x_wconf 90' lang='grc' dir='ltr'>τὸ</span> <span class='ocrx_word' id='word_1_54' title='bbox 1005 800 1078 881; x_wconf 66' lang='grc' dir='ltr'>’τὴν</span> <span class='ocrx_word' id='word_1_55' title='bbox 1093 800 1265 879; x_wconf 92' lang='grc' dir='ltr'>διάμετρον</span> <span class='ocrx_word' id='word_1_56' title='bbox 1284 799 1371 879; x_wconf 89' lang='grc' dir='ltr'>ἀςιίμ-</span> 
     </span>
     <span class='ocr_line' id='line_1_7' title="bbox 202 888 1371 976; baseline -0.004 -19"><span class='ocrx_word' id='word_1_57' title='bbox 202 912 318 971; x_wconf 92' lang='grc' dir='ltr'>μετρον</span> <span class='ocrx_word' id='word_1_58' title='bbox 341 899 379 976; x_wconf 88' lang='grc' dir='ltr'>τῇ</span> <span class='ocrx_word' id='word_1_59' title='bbox 403 890 543 975; x_wconf 84' lang='grc' dir='ltr'>πλευρᾷ’</span> <span class='ocrx_word' id='word_1_60' title='bbox 568 894 675 969; x_wconf 90' lang='grc' dir='ltr'>λέγειν</span> <span class='ocrx_word' id='word_1_61' title='bbox 694 890 793 956; x_wconf 61' lang='grc' dir='ltr'>*εἶναι</span> <span class='ocrx_word' id='word_1_62' title='bbox 811 890 886 957; x_wconf 83' lang='grc' dir='ltr'>καθ’</span> <span class='ocrx_word' id='word_1_63' title='bbox 905 889 1121 970; x_wconf 83' lang='grc' dir='ltr'>είμαρμένην’,</span> <span class='ocrx_word' id='word_1_64' title='bbox 1145 891 1164 969; x_wconf 86' lang='grc' dir='ltr'>ἢ</span> <span class='ocrx_word' id='word_1_65' title='bbox 1186 888 1240 954; x_wconf 65' lang='grc' dir='ltr'>ετὸ</span> <span class='ocrx_word' id='word_1_66' title='bbox 1263 889 1371 968; x_wconf 88' lang='grc' dir='ltr'>τρίγω-</span> 
     </span>
     <span class='ocr_line' id='line_1_8' title="bbox 201 978 1373 1060; baseline -0.003 -15"><span class='ocrx_word' id='word_1_67' title='bbox 201 1001 260 1046; x_wconf 91' lang='grc' dir='ltr'>νον</span> <span class='ocrx_word' id='word_1_68' title='bbox 288 981 341 1044; x_wconf 87' lang='grc' dir='ltr'>διὰ</span> <span class='ocrx_word' id='word_1_69' title='bbox 367 985 464 1045; x_wconf 85' lang='grc' dir='ltr'>τοῦτο</span> <span class='ocrx_word' id='word_1_70' title='bbox 493 982 581 1045; x_wconf 90' lang='grc' dir='ltr'>δυςὶν</span> <span class='ocrx_word' id='word_1_71' title='bbox 609 980 720 1060; x_wconf 85' lang='grc' dir='ltr'>ὀρθαῖς</span> <span class='ocrx_word' id='word_1_72' title='bbox 746 980 815 1045; x_wconf 87' lang='grc' dir='ltr'>ίςας</span> <span class='ocrx_word' id='word_1_73' title='bbox 843 981 929 1059; x_wconf 82' lang='grc' dir='ltr'>ἔχειν</span> <span class='ocrx_word' id='word_1_74' title='bbox 957 981 1014 1045; x_wconf 89' lang='grc' dir='ltr'>τὰς</span> <span class='ocrx_word' id='word_1_75' title='bbox 1041 979 1134 1044; x_wconf 89' lang='grc' dir='ltr'>ἐντὸς</span> <span class='ocrx_word' id='word_1_76' title='bbox 1161 978 1298 1055; x_wconf 87' lang='grc' dir='ltr'>γωνίας·</span> <span class='ocrx_word' id='word_1_77' title='bbox 1328 980 1373 1042; x_wconf 89' lang='grc' dir='ltr'>καὶ</span> 
     </span>
     <span class='ocr_line' id='line_1_9' title="bbox 200 1066 1374 1147; baseline -0.003 -14"><span class='ocrx_word' id='word_1_78' title='bbox 200 1070 340 1135; x_wconf 82' lang='grc' dir='ltr'>καθόλου</span> <span class='ocrx_word' id='word_1_79' title='bbox 368 1070 408 1135; x_wconf 90' lang='grc' dir='ltr'>τὰ</span> <span class='ocrx_word' id='word_1_80' title='bbox 435 1069 484 1135; x_wconf 88' lang='grc' dir='ltr'>ἀεὶ</span> <span class='ocrx_word' id='word_1_81' title='bbox 512 1070 592 1135; x_wconf 90' lang='grc' dir='ltr'>κατὰ</span> <span class='ocrx_word' id='word_1_82' title='bbox 619 1071 660 1134; x_wconf 91' lang='grc' dir='ltr'>τὰ</span> <span class='ocrx_word' id='word_1_83' title='bbox 687 1070 769 1134; x_wconf 87' lang='grc' dir='ltr'>αὐτὰ</span> <span class='ocrx_word' id='word_1_84' title='bbox 796 1071 848 1134; x_wconf 89' lang='grc' dir='ltr'>καὶ</span> <span class='ocrx_word' id='word_1_85' title='bbox 880 1069 1031 1134; x_wconf 85' lang='grc' dir='ltr'>ώςαύτως</span> <span class='ocrx_word' id='word_1_86' title='bbox 1063 1066 1198 1147; x_wconf 87' lang='grc' dir='ltr'>ἔχοντα’</span> <span class='ocrx_word' id='word_1_87' title='bbox 1229 1067 1374 1146; x_wconf 84' lang='grc' dir='ltr'>οὐδαμῶς</span> 
     </span>
    </p>

    <p class='ocr_par' dir='ltr' id='par_1_5' title="bbox 174 1157 1067 1239">
     <span class='ocr_line' id='line_1_10' title="bbox 174 1157 1067 1239; baseline -0.001 -16"><span class='ocrx_word' id='word_1_88' title='bbox 174 1158 341 1236; x_wconf 72' lang='grc' dir='ltr'>οεῦλογον</span> <span class='ocrx_word' id='word_1_89' title='bbox 366 1157 455 1224; x_wconf 76' lang='lat' dir='ltr'>‘rub&#39;</span> <span class='ocrx_word' id='word_1_90' title='bbox 478 1158 671 1239; x_wconf 82' lang='grc' dir='ltr'>εἱμαρμένην</span> <span class='ocrx_word' id='word_1_91' title='bbox 695 1159 799 1223; x_wconf 86' lang='grc' dir='ltr'>οὕτως</span> <span class='ocrx_word' id='word_1_92' title='bbox 823 1157 927 1238; x_wconf 82' lang='grc' dir='ltr'>ἔχειν’</span> <span class='ocrx_word' id='word_1_93' title='bbox 951 1160 1067 1235; x_wconf 89' lang='grc' dir='ltr'>λέγειν.</span> 
     </span>
    </p>

    <p class='ocr_par' dir='ltr' id='par_1_6' title="bbox 201 1251 1374 1599">
     <span class='ocr_line' id='line_1_11' title="bbox 289 1251 1374 1328; baseline -0.003 -17"><span class='ocrx_word' id='word_1_94' title='bbox 289 1252 332 1311; x_wconf 76' lang='lat' dir='ltr'>At</span> <span class='ocrx_word' id='word_1_95' title='bbox 351 1253 431 1311; x_wconf 89' lang='lat' dir='ltr'><strong>enim</strong></span> <span class='ocrx_word' id='word_1_96' title='bbox 450 1253 589 1328; x_wconf 78' lang='lat' dir='ltr'><strong>quonism</strong></span> <span class='ocrx_word' id='word_1_97' title='bbox 607 1253 639 1311; x_wconf 92' lang='lat' dir='ltr'><strong>in</strong></span> <span class='ocrx_word' id='word_1_98' title='bbox 657 1254 775 1312; x_wconf 79' lang='lat' dir='ltr'><strong>nsluris</strong></span> <span class='ocrx_word' id='word_1_99' title='bbox 793 1253 947 1312; x_wconf 87' lang='lat' dir='ltr'><strong>hominum</strong></span> <span class='ocrx_word' id='word_1_100' title='bbox 969 1251 1228 1311; x_wconf 78' lang='lat' dir='ltr'><strong>dissimilitudines</strong></span> <span class='ocrx_word' id='word_1_101' title='bbox 1247 1253 1328 1326; x_wconf 80' lang='lat' dir='ltr'><strong>sunl,</strong></span> <span class='ocrx_word' id='word_1_102' title='bbox 1347 1253 1374 1308; x_wconf 87' lang='lat' dir='ltr'>ul</span> 
     </span>
     <span class='ocr_line' id='line_1_12' title="bbox 201 1339 1373 1418; baseline -0.001 -19"><span class='ocrx_word' id='word_1_103' title='bbox 201 1341 275 1400; x_wconf 83' lang='lat' dir='ltr'><strong>elios</strong></span> <span class='ocrx_word' id='word_1_104' title='bbox 295 1342 393 1400; x_wconf 78' lang='lat' dir='ltr'><strong>duleis</strong></span> <span class='ocrx_word' id='word_1_105' title='bbox 412 1342 485 1400; x_wconf 81' lang='lat' dir='ltr'><strong>elios</strong></span> <span class='ocrx_word' id='word_1_106' title='bbox 505 1342 666 1401; x_wconf 83' lang='lat' dir='ltr'><strong>subemers</strong></span> <span class='ocrx_word' id='word_1_107' title='bbox 687 1343 847 1418; x_wconf 78' lang='lat' dir='ltr'>delectent,</span> <span class='ocrx_word' id='word_1_108' title='bbox 865 1341 918 1400; x_wconf 85' lang='lat' dir='ltr'><strong>alii</strong></span> <span class='ocrx_word' id='word_1_109' title='bbox 936 1341 1088 1401; x_wconf 85' lang='lat' dir='ltr'><strong>libidinosi</strong></span> <span class='ocrx_word' id='word_1_110' title='bbox 1107 1339 1158 1399; x_wconf 83' lang='lat' dir='ltr'><strong>elii</strong></span> <span class='ocrx_word' id='word_1_111' title='bbox 1177 1339 1316 1399; x_wconf 76' lang='lat' dir='ltr'><strong>iracundi</strong></span> <span class='ocrx_word' id='word_1_112' title='bbox 1328 1343 1373 1398; x_wconf 78' lang='lat' dir='ltr'>aul</span> 
     </span>
     <span class='ocr_line' id='line_1_13' title="bbox 201 1425 1373 1509; baseline -0.001 -21"><span class='ocrx_word' id='word_1_113' title='bbox 201 1430 337 1489; x_wconf 82' lang='lat' dir='ltr'>crudeles</span> <span class='ocrx_word' id='word_1_114' title='bbox 356 1432 410 1489; x_wconf 76' lang='lat' dir='ltr'>eut</span> <span class='ocrx_word' id='word_1_115' title='bbox 428 1431 551 1505; x_wconf 87' lang='lat' dir='ltr'><strong>superbi</strong></span> <span class='ocrx_word' id='word_1_116' title='bbox 571 1431 642 1505; x_wconf 79' lang='lat' dir='ltr'><strong>sint,</strong></span> <span class='ocrx_word' id='word_1_117' title='bbox 662 1431 714 1490; x_wconf 83' lang='lat' dir='ltr'><strong>elii</strong></span> <span class='ocrx_word' id='word_1_118' title='bbox 733 1425 794 1509; x_wconf 82' lang='lat' dir='ltr'>&lt;e&gt;</span> <span class='ocrx_word' id='word_1_119' title='bbox 814 1430 926 1490; x_wconf 79' lang='lat' dir='ltr'><strong>talibus</strong></span> <span class='ocrx_word' id='word_1_120' title='bbox 945 1430 1027 1491; x_wconf 78' lang='lat' dir='ltr'><strong>viliis</strong></span> <span class='ocrx_word' id='word_1_121' title='bbox 1047 1429 1230 1502; x_wconf 69' lang='lat' dir='ltr'>abhorreant</span> <span class='ocrx_word' id='word_1_122' title='bbox 1250 1461 1290 1469; x_wconf 93' lang='lat'>—</span> <span class='ocrx_word' id='word_1_123' title='bbox 1310 1448 1373 1505; x_wconf 78' lang='lat' dir='ltr'>que</span> 
     </span>
     <span class='ocr_line' id='line_1_14' title="bbox 203 1512 1374 1599; baseline -0.001 -22"><span class='ocrx_word' id='word_1_124' title='bbox 203 1521 284 1577; x_wconf 82' lang='lat' dir='ltr'><strong>niem</strong></span> <span class='ocrx_word' id='word_1_125' title='bbox 302 1519 396 1594; x_wconf 83' lang='lat' dir='ltr'><strong>igitur</strong></span> <span class='ocrx_word' id='word_1_126' title='bbox 415 1512 542 1599; x_wconf 79' lang='lat' dir='ltr'><strong>(inquil)</strong></span> <span class='ocrx_word' id='word_1_127' title='bbox 562 1522 681 1579; x_wconf 73' lang='lat' dir='ltr'><strong>lenium</strong></span> <span class='ocrx_word' id='word_1_128' title='bbox 699 1522 809 1578; x_wconf 78' lang='lat' dir='ltr'>nature</span> <span class='ocrx_word' id='word_1_129' title='bbox 828 1537 846 1578; x_wconf 85' lang='lat' dir='ltr'><strong>s</strong></span> <span class='ocrx_word' id='word_1_130' title='bbox 864 1523 974 1579; x_wconf 80' lang='lat' dir='ltr'>nelure</span> <span class='ocrx_word' id='word_1_131' title='bbox 992 1519 1094 1594; x_wconf 81' lang='lat' dir='ltr'><strong>distel,</strong></span> <span class='ocrx_word' id='word_1_132' title='bbox 1112 1518 1184 1594; x_wconf 90' lang='lat' dir='ltr'><strong>quid</strong></span> <span class='ocrx_word' id='word_1_133' title='bbox 1202 1518 1316 1577; x_wconf 87' lang='lat' dir='ltr'><strong>mirum</strong></span> <span class='ocrx_word' id='word_1_134' title='bbox 1334 1522 1374 1577; x_wconf 85' lang='lat' dir='ltr'>esl</span> 
     </span>
    </p>

    <p class='ocr_par' dir='ltr' id='par_1_7' title="bbox 178 1606 1157 1668">
     <span class='ocr_line' id='line_1_15' title="bbox 178 1606 1157 1668; baseline 0.004 -6"><span class='ocrx_word' id='word_1_135' title='bbox 178 1608 260 1667; x_wconf 81' lang='lat' dir='ltr'>ebes</span> <span class='ocrx_word' id='word_1_136' title='bbox 279 1608 537 1667; x_wconf 80' lang='lat' dir='ltr'><strong>dissimilitudines</strong></span> <span class='ocrx_word' id='word_1_137' title='bbox 561 1627 597 1667; x_wconf 84' lang='lat' dir='ltr'>ex</span> <span class='ocrx_word' id='word_1_138' title='bbox 615 1608 822 1668; x_wconf 78' lang='lat' dir='ltr'><strong>differentibus</strong></span> <span class='ocrx_word' id='word_1_139' title='bbox 841 1609 937 1668; x_wconf 80' lang='lat' dir='ltr'><strong>causis</strong></span> <span class='ocrx_word' id='word_1_140' title='bbox 956 1626 1022 1668; x_wconf 86' lang='lat' dir='ltr'><strong>esse</strong></span> <span class='ocrx_word' id='word_1_141' title='bbox 1041 1606 1157 1667; x_wconf 76' lang='lat' dir='ltr'><strong>saules?</strong></span> 
     </span>
    </p>
   </div>
   <div class='ocr_carea' id='block_1_5' title="bbox 203 1704 1373 1919">
    <p class='ocr_par' dir='ltr' id='par_1_8' title="bbox 203 1704 1373 1919">
     <span class='ocr_line' id='line_1_16' title="bbox 273 1704 1372 1776; baseline -0.002 -16"><span class='ocrx_word' id='word_1_142' title='bbox 273 1705 329 1761; x_wconf 83' lang='lat' dir='ltr'><strong>Cis.</strong></span> <span class='ocrx_word' id='word_1_143' title='bbox 345 1708 380 1761; x_wconf 91' lang='lat' dir='ltr'>de</span> <span class='ocrx_word' id='word_1_144' title='bbox 393 1706 454 1761; x_wconf 79' lang='lat' dir='ltr'>fale</span> <span class='ocrx_word' id='word_1_145' title='bbox 468 1712 520 1772; x_wconf 86' lang='grc' dir='ltr'>4,θ</span> <span class='ocrx_word' id='word_1_146' title='bbox 536 1711 672 1772; x_wconf 86' lang='lat' dir='ltr'><strong>(reversus</strong></span> <span class='ocrx_word' id='word_1_147' title='bbox 687 1706 762 1760; x_wconf 89' lang='lat' dir='ltr'><strong>enim</strong></span> <span class='ocrx_word' id='word_1_148' title='bbox 776 1709 820 1761; x_wconf 78' lang='lat' dir='ltr'>est</span> <span class='ocrx_word' id='word_1_149' title='bbox 832 1707 931 1761; x_wconf 81' lang='lat' dir='ltr'>sueler</span> <span class='ocrx_word' id='word_1_150' title='bbox 946 1707 994 1760; x_wconf 81' lang='lat' dir='ltr'>‘ad</span> <span class='ocrx_word' id='word_1_151' title='bbox 1004 1704 1152 1776; x_wconf 80' lang='lat' dir='ltr'><strong>Chrysippi</strong></span> <span class='ocrx_word' id='word_1_152' title='bbox 1167 1705 1297 1774; x_wconf 76' lang='lat' dir='ltr'><strong>laqueos’</strong></span> <span class='ocrx_word' id='word_1_153' title='bbox 1314 1711 1339 1774; x_wconf 81' lang='lat'>4,</span> <span class='ocrx_word' id='word_1_154' title='bbox 1348 1709 1372 1772; x_wconf 73' lang='grc' dir='ltr'>λγ</span> 
     </span>
     <span class='ocr_line' id='line_1_17' title="bbox 204 1777 1373 1848; baseline -0.002 -16"><span class='ocrx_word' id='word_1_155' title='bbox 204 1779 373 1833; x_wconf 77' lang='lat' dir='ltr'><strong>contrahes</strong></span> <span class='ocrx_word' id='word_1_156' title='bbox 392 1777 444 1848; x_wconf 85' lang='lat' dir='ltr'>frg.</span> <span class='ocrx_word' id='word_1_157' title='bbox 464 1781 614 1848; x_wconf 74' lang='lat' dir='ltr'>pugnate.</span> <span class='ocrx_word' id='word_1_158' title='bbox 635 1783 660 1846; x_wconf 81' lang='grc' dir='ltr'>δ,</span> <span class='ocrx_word' id='word_1_159' title='bbox 679 1780 777 1844; x_wconf 78' lang='lat'>9-11)</span> <span class='ocrx_word' id='word_1_160' title='bbox 843 1785 859 1832; x_wconf 84' lang='lat'><strong>3</strong></span> <span class='ocrx_word' id='word_1_161' title='bbox 878 1795 897 1831; x_wconf 89' lang='lat' dir='ltr'><strong><em>a</em></strong></span> <span class='ocrx_word' id='word_1_162' title='bbox 915 1777 978 1833; x_wconf 87' lang='lat' dir='ltr'>edd.</span> <span class='ocrx_word' id='word_1_163' title='bbox 999 1777 1151 1832; x_wconf 74' lang='lat' dir='ltr'><strong>Lambinus</strong></span> <span class='ocrx_word' id='word_1_164' title='bbox 1214 1777 1251 1832; x_wconf 91' lang='lat' dir='ltr'>de</span> <span class='ocrx_word' id='word_1_165' title='bbox 1271 1793 1373 1832; x_wconf 77' lang='lat' dir='ltr'><strong>summe</strong></span> 
     </span>
     <span class='ocr_line' id='line_1_18' title="bbox 203 1849 639 1919; baseline 0 -16"><span class='ocrx_word' id='word_1_166' title='bbox 203 1850 333 1903; x_wconf 78' lang='lat' dir='ltr'><strong>doctrina</strong></span> <span class='ocrx_word' id='word_1_167' title='bbox 351 1849 385 1905; x_wconf 85' lang='lat' dir='ltr'>ef.</span> <span class='ocrx_word' id='word_1_168' title='bbox 405 1850 477 1919; x_wconf 81' lang='lat' dir='ltr'>lrgg.</span> <span class='ocrx_word' id='word_1_169' title='bbox 499 1855 639 1904; x_wconf 81' lang='lat'>109-111</span> 
     </span>
    </p>
   </div>
   <div class='ocr_carea' id='block_1_6' title="bbox 256 1955 1403 2490">
    <p class='ocr_par' dir='ltr' id='par_1_9' title="bbox 312 1955 1403 2223">
     <span class='ocr_line' id='line_1_19' title="bbox 312 1955 1403 2045; baseline -0.001 -21"><span class='ocrx_word' id='word_1_170' title='bbox 312 1965 429 2024; x_wconf 88' lang='lat' dir='ltr'><strong>Philod.</strong></span> <span class='ocrx_word' id='word_1_171' title='bbox 452 1964 489 2023; x_wconf 94' lang='lat' dir='ltr'>de</span> <span class='ocrx_word' id='word_1_172' title='bbox 512 1964 634 2023; x_wconf 84' lang='lat' dir='ltr'>deorum</span> <span class='ocrx_word' id='word_1_173' title='bbox 653 1964 717 2026; x_wconf 80' lang='lat' dir='ltr'><strong>vile</strong></span> <span class='ocrx_word' id='word_1_174' title='bbox 741 1964 831 2023; x_wconf 81' lang='lat' dir='ltr'><strong>besle</strong></span> <span class='ocrx_word' id='word_1_175' title='bbox 852 1955 1016 2045; x_wconf 83' lang='lat' dir='ltr'>(VH1V1)</span> <span class='ocrx_word' id='word_1_176' title='bbox 1040 1966 1074 2038; x_wconf 87' lang='lat'>8,</span> <span class='ocrx_word' id='word_1_177' title='bbox 1099 1966 1153 2022; x_wconf 84' lang='lat'>18:</span> <span class='ocrx_word' id='word_1_178' title='bbox 1266 1964 1403 2037; x_wconf 80' lang='grc' dir='ltr'>τεκμη-άί</span> 
     </span>
     <span class='ocr_line' id='line_1_20' title="bbox 314 2044 1328 2133; baseline -0.005 -21"><span class='ocrx_word' id='word_1_179' title='bbox 314 2053 456 2128; x_wconf 86' lang='grc' dir='ltr'>ριοῦςθαι</span> <span class='ocrx_word' id='word_1_180' title='bbox 478 2044 562 2133; x_wconf 86' lang='grc' dir='ltr'>τ(οίς</span> <span class='ocrx_word' id='word_1_181' title='bbox 1324 2102 1328 2107; x_wconf 94' lang='grc'>.</span> 
     </span>
     <span class='ocr_line' id='line_1_21' title="bbox 313 2134 1264 2223; baseline -0.001 -21"><span class='ocrx_word' id='word_1_182' title='bbox 313 2138 531 2218; x_wconf 86' lang='grc' dir='ltr'>φαινομένοις,</span> <span class='ocrx_word' id='word_1_183' title='bbox 554 2135 664 2222; x_wconf 74' lang='grc' dir='ltr'>(δλπερ</span> <span class='ocrx_word' id='word_1_184' title='bbox 688 2134 834 2223; x_wconf 71' lang='grc' dir='ltr'>έδειξ(ε),</span> <span class='ocrx_word' id='word_1_185' title='bbox 853 2135 972 2202; x_wconf 85' lang='grc' dir='ltr'>ἄλλους</span> <span class='ocrx_word' id='word_1_186' title='bbox 996 2136 1108 2202; x_wconf 90' lang='grc' dir='ltr'>ἄλλως</span> <span class='ocrx_word' id='word_1_187' title='bbox 1132 2137 1264 2216; x_wconf 87' lang='grc' dir='ltr'>φάςεςιν</span> 
     </span>
    </p>

    <p class='ocr_par' dir='ltr' id='par_1_10' title="bbox 256 2224 1342 2490">
     <span class='ocr_line' id='line_1_22' title="bbox 256 2224 1342 2378; baseline 0.008 -96"><span class='ocrx_word' id='word_1_188' title='bbox 256 2243 282 2283; x_wconf 80' lang='grc' dir='ltr'>ιο</span> <span class='ocrx_word' id='word_1_189' title='bbox 313 2224 532 2312; x_wconf 83' lang='grc' dir='ltr'>οίκειοθς(θαι)</span> <span class='ocrx_word' id='word_1_190' title='bbox 556 2228 698 2291; x_wconf 82' lang='grc' dir='ltr'>καὶτοῖς</span> <span class='ocrx_word' id='word_1_191' title='bbox 721 2229 779 2306; x_wconf 82' lang='grc' dir='ltr'>μὲν</span> <span class='ocrx_word' id='word_1_192' title='bbox 803 2224 920 2312; x_wconf 81' lang='grc' dir='ltr'>ὕ(δωρ)</span> <span class='ocrx_word' id='word_1_193' title='bbox 943 2232 1012 2291; x_wconf 82' lang='grc' dir='ltr'>τοῖς</span> <span class='ocrx_word' id='word_1_194' title='bbox 1035 2224 1068 2290; x_wconf 82' lang='grc' dir='ltr'>δ’</span> <span class='ocrx_word' id='word_1_195' title='bbox 1090 2225 1171 2378; x_wconf 58' lang='grc' dir='ltr'>ἀέξω</span> <span class='ocrx_word' id='word_1_196' title='bbox 1194 2226 1245 2335; x_wconf 74' lang='grc' dir='ltr'>καὶ</span> <span class='ocrx_word' id='word_1_197' title='bbox 1268 2230 1342 2305; x_wconf 84' lang='grc' dir='ltr'>γῆν,</span> 
     </span>
     <span class='ocr_line' id='line_1_23' title="bbox 314 2311 1246 2490; baseline -0.001 -21"><span class='ocrx_word' id='word_1_198' title='bbox 314 2426 352 2469; x_wconf 91' lang='grc' dir='ltr'>το</span> <span class='ocrx_word' id='word_1_199' title='bbox 376 2405 434 2483; x_wconf 81' lang='grc' dir='ltr'>μέν</span> <span class='ocrx_word' id='word_1_200' title='bbox 458 2401 595 2490; x_wconf 86' lang='grc' dir='ltr'>Ζ(ώ)ιων</span> <span class='ocrx_word' id='word_1_201' title='bbox 617 2409 715 2470; x_wconf 83' lang='grc' dir='ltr'>τοῦτο</span> <span class='ocrx_word' id='word_1_202' title='bbox 739 2406 774 2468; x_wconf 82' lang='grc' dir='ltr'>δὲ</span> <span class='ocrx_word' id='word_1_203' title='bbox 798 2407 912 2484; x_wconf 83' lang='grc' dir='ltr'>φυτῶν</span> <span class='ocrx_word' id='word_1_204' title='bbox 935 2405 986 2468; x_wconf 86' lang='grc' dir='ltr'>καὶ</span> <span class='ocrx_word' id='word_1_205' title='bbox 1008 2312 1152 2487; x_wconf 46' lang='lat' dir='ltr'><strong>redimis(</strong></span> <span class='ocrx_word' id='word_1_206' title='bbox 1168 2311 1246 2485; x_wconf 67' lang='lat' dir='ltr'><strong>liii.</strong></span> 
     </span>
    </p>
   </div>
   <div class='ocr_carea' id='block_1_7' title="bbox 204 2507 1375 2722">
    <p class='ocr_par' dir='ltr' id='par_1_11' title="bbox 204 2507 1375 2722">
     <span class='ocr_line' id='line_1_24' title="bbox 277 2507 1373 2576; baseline 0 -13"><span class='ocrx_word' id='word_1_207' title='bbox 277 2516 308 2564; x_wconf 87' lang='grc'>19</span> <span class='ocrx_word' id='word_1_208' title='bbox 328 2511 397 2576; x_wconf 87' lang='grc' dir='ltr'>ὅπερ</span> <span class='ocrx_word' id='word_1_209' title='bbox 416 2510 501 2564; x_wconf 82' lang='grc' dir='ltr'>ἔδειξε</span> <span class='ocrx_word' id='word_1_210' title='bbox 518 2525 549 2564; x_wconf 72' lang='grc' dir='ltr'>ιιι·</span> <span class='ocrx_word' id='word_1_211' title='bbox 569 2510 599 2562; x_wconf 90' lang='grc' dir='ltr'>δ’</span> <span class='ocrx_word' id='word_1_212' title='bbox 618 2510 686 2576; x_wconf 87' lang='grc' dir='ltr'>ὅπερ</span> <span class='ocrx_word' id='word_1_213' title='bbox 705 2510 807 2564; x_wconf 83' lang='grc' dir='ltr'>ἔδειξεν</span> <span class='ocrx_word' id='word_1_214' title='bbox 884 2513 919 2563; x_wconf 80' lang='lat'>20</span> <span class='ocrx_word' id='word_1_215' title='bbox 938 2507 1102 2563; x_wconf 83' lang='grc' dir='ltr'>ολκειοθςθαι</span> <span class='ocrx_word' id='word_1_216' title='bbox 1120 2507 1296 2562; x_wconf 79' lang='lat' dir='ltr'><strong>Academici·</strong></span> <span class='ocrx_word' id='word_1_217' title='bbox 1315 2508 1373 2563; x_wconf 78' lang='lat' dir='ltr'>fert.</span> 
     </span>
     <span class='ocr_line' id='line_1_25' title="bbox 204 2579 1374 2650; baseline -0.003 -15"><span class='ocrx_word' id='word_1_218' title='bbox 204 2581 390 2649; x_wconf 86' lang='grc' dir='ltr'>οἰκειοθς(θαι)</span> <span class='ocrx_word' id='word_1_219' title='bbox 409 2582 493 2649; x_wconf 86' lang='grc' dir='ltr'>ε(ῑτα)</span> <span class='ocrx_word' id='word_1_220' title='bbox 512 2580 567 2650; x_wconf 77' lang='lat' dir='ltr'>leg.</span> <span class='ocrx_word' id='word_1_221' title='bbox 604 2582 703 2648; x_wconf 87' lang='grc' dir='ltr'>ὕ(δωρ)</span> <span class='ocrx_word' id='word_1_222' title='bbox 722 2581 818 2647; x_wconf 72' lang='lat' dir='ltr'>Areu,</span> <span class='ocrx_word' id='word_1_223' title='bbox 838 2580 888 2634; x_wconf 83' lang='lat' dir='ltr'>sed</span> <span class='ocrx_word' id='word_1_224' title='bbox 907 2580 1028 2649; x_wconf 76' lang='lat' dir='ltr'><strong>spatium</strong></span> <span class='ocrx_word' id='word_1_225' title='bbox 1047 2579 1143 2634; x_wconf 79' lang='lat' dir='ltr'><strong>deficit</strong></span> <span class='ocrx_word' id='word_1_226' title='bbox 1215 2584 1248 2633; x_wconf 80' lang='lat'>21</span> <span class='ocrx_word' id='word_1_227' title='bbox 1269 2581 1374 2646; x_wconf 81' lang='grc' dir='ltr'>ὀνύχων</span> 
     </span>
     <span class='ocr_line' id='line_1_26' title="bbox 205 2649 1375 2722; baseline -0.002 -16"><span class='ocrx_word' id='word_1_228' title='bbox 205 2652 289 2707; x_wconf 83' lang='lat' dir='ltr'><strong>Aesd.</strong></span> <span class='ocrx_word' id='word_1_229' title='bbox 310 2651 470 2722; x_wconf 77' lang='lat' dir='ltr'><strong>‘lepidum&#39;</strong></span> <span class='ocrx_word' id='word_1_230' title='bbox 491 2653 637 2708; x_wconf 75' lang='lat' dir='ltr'>vertentes.</span> <span class='ocrx_word' id='word_1_231' title='bbox 712 2650 868 2722; x_wconf 78' lang='lat' dir='ltr'><strong>Chrysippo</strong></span> <span class='ocrx_word' id='word_1_232' title='bbox 886 2652 940 2707; x_wconf 86' lang='lat' dir='ltr'>hoe</span> <span class='ocrx_word' id='word_1_233' title='bbox 958 2651 1095 2722; x_wconf 77' lang='lat' dir='ltr'><strong>placitum</strong></span> <span class='ocrx_word' id='word_1_234' title='bbox 1114 2649 1274 2705; x_wconf 76' lang='lat' dir='ltr'>tribuerunt</span> <span class='ocrx_word' id='word_1_235' title='bbox 1291 2649 1375 2704; x_wconf 83' lang='lat' dir='ltr'>Aeed.</span> 
     </span>
    </p>
   </div>
   <div class='ocr_carea' id='block_1_8' title="bbox 166 2778 1413 3751">
    <p class='ocr_par' dir='ltr' id='par_1_12' title="bbox 202 2778 1413 3126">
     <span class='ocr_line' id='line_1_27' title="bbox 274 2778 1413 2861; baseline -0.003 -12"><span class='ocrx_word' id='word_1_236' title='bbox 274 2785 372 2849; x_wconf 72' lang='lat' dir='ltr'><strong>‚Plub</strong></span> <span class='ocrx_word' id='word_1_237' title='bbox 392 2786 429 2844; x_wconf 92' lang='lat' dir='ltr'>de</span> <span class='ocrx_word' id='word_1_238' title='bbox 447 2803 508 2861; x_wconf 86' lang='lat' dir='ltr'>rep.</span> <span class='ocrx_word' id='word_1_239' title='bbox 529 2784 619 2844; x_wconf 73' lang='lat' dir='ltr'><strong>Stoie.</strong></span> <span class='ocrx_word' id='word_1_240' title='bbox 638 2804 662 2844; x_wconf 90' lang='grc' dir='ltr'>ο.</span> <span class='ocrx_word' id='word_1_241' title='bbox 683 2787 723 2845; x_wconf 81' lang='lat'>23</span> <span class='ocrx_word' id='word_1_242' title='bbox 743 2805 771 2861; x_wconf 93' lang='lat' dir='ltr'>p.</span> <span class='ocrx_word' id='word_1_243' title='bbox 794 2786 878 2845; x_wconf 82' lang='lat'>1045</span> <span class='ocrx_word' id='word_1_244' title='bbox 894 2783 930 2843; x_wconf 85' lang='lat' dir='ltr'>C:</span> <span class='ocrx_word' id='word_1_245' title='bbox 968 2780 1058 2857; x_wconf 89' lang='grc' dir='ltr'>Πρὸς</span> <span class='ocrx_word' id='word_1_246' title='bbox 1085 2778 1220 2843; x_wconf 86' lang='grc' dir='ltr'>τούτους</span> <span class='ocrx_word' id='word_1_247' title='bbox 1249 2778 1269 2842; x_wconf 90' lang='grc' dir='ltr'>ὁ</span> <span class='ocrx_word' id='word_1_248' title='bbox 1298 2778 1413 2858; x_wconf 73' lang='lat' dir='ltr'><strong>xps-ul</strong></span> 
     </span>
     <span class='ocr_line' id='line_1_28' title="bbox 204 2866 1377 2950; baseline 0 -18"><span class='ocrx_word' id='word_1_249' title='bbox 204 2889 318 2933; x_wconf 91' lang='grc' dir='ltr'>ςιππος</span> <span class='ocrx_word' id='word_1_250' title='bbox 350 2868 528 2945; x_wconf 85' lang='grc' dir='ltr'>ἀντιλέγων</span> <span class='ocrx_word' id='word_1_251' title='bbox 555 2868 600 2932; x_wconf 81' lang='grc' dir='ltr'>ὡς</span> <span class='ocrx_word' id='word_1_252' title='bbox 629 2867 852 2949; x_wconf 65' lang='grc' dir='ltr'>εβιαζομένους</span> <span class='ocrx_word' id='word_1_253' title='bbox 879 2873 925 2950; x_wconf 85' lang='grc' dir='ltr'>τῷ</span> <span class='ocrx_word' id='word_1_254' title='bbox 957 2866 1089 2950; x_wconf 85' lang='grc' dir='ltr'>ἀναιτίῳ</span> <span class='ocrx_word' id='word_1_255' title='bbox 1117 2869 1176 2946; x_wconf 88' lang='grc' dir='ltr'>τὴν</span> <span class='ocrx_word' id='word_1_256' title='bbox 1203 2866 1316 2947; x_wconf 87' lang='grc' dir='ltr'>φύςιν’</span> <span class='ocrx_word' id='word_1_257' title='bbox 1343 2868 1377 2932; x_wconf 82' lang='grc' dir='ltr'>ἐν</span> 
     </span>
     <span class='ocr_line' id='line_1_29' title="bbox 204 2956 1379 3038; baseline -0.002 -16"><span class='ocrx_word' id='word_1_258' title='bbox 204 2961 340 3022; x_wconf 85' lang='grc' dir='ltr'>πολλοῖς</span> <span class='ocrx_word' id='word_1_259' title='bbox 370 2957 576 3038; x_wconf 91' lang='grc' dir='ltr'>παρατίθηςιν</span> <span class='ocrx_word' id='word_1_260' title='bbox 600 2957 674 3022; x_wconf 59' lang='grc' dir='ltr'>ξτὸν</span> <span class='ocrx_word' id='word_1_261' title='bbox 698 2956 899 3035; x_wconf 89' lang='grc' dir='ltr'>ἀςτράγαλον</span> <span class='ocrx_word' id='word_1_262' title='bbox 922 2956 1054 3020; x_wconf 87' lang='grc' dir='ltr'>καὶτὸν</span> <span class='ocrx_word' id='word_1_263' title='bbox 1077 2957 1176 3033; x_wconf 83' lang='grc' dir='ltr'>ζυγὸν</span> <span class='ocrx_word' id='word_1_264' title='bbox 1199 2958 1250 3020; x_wconf 86' lang='grc' dir='ltr'>καὶ</span> <span class='ocrx_word' id='word_1_265' title='bbox 1274 2957 1379 3022; x_wconf 87' lang='grc' dir='ltr'>πολλὰ</span> 
     </span>
     <span class='ocr_line' id='line_1_30' title="bbox 202 3044 1379 3126; baseline -0.001 -16"><span class='ocrx_word' id='word_1_266' title='bbox 202 3050 268 3111; x_wconf 85' lang='grc' dir='ltr'>τῶν</span> <span class='ocrx_word' id='word_1_267' title='bbox 292 3049 332 3126; x_wconf 87' lang='grc' dir='ltr'>μὴ</span> <span class='ocrx_word' id='word_1_268' title='bbox 356 3048 545 3125; x_wconf 83' lang='grc' dir='ltr'>δυναμένων</span> <span class='ocrx_word' id='word_1_269' title='bbox 568 3045 686 3111; x_wconf 89' lang='grc' dir='ltr'>ἄλλοτε</span> <span class='ocrx_word' id='word_1_270' title='bbox 709 3045 809 3111; x_wconf 88' lang='grc' dir='ltr'>ἄλλας</span> <span class='ocrx_word' id='word_1_271' title='bbox 832 3044 1008 3124; x_wconf 90' lang='grc' dir='ltr'>λαμβάνειν</span> <span class='ocrx_word' id='word_1_272' title='bbox 1036 3045 1170 3110; x_wconf 90' lang='grc' dir='ltr'>πτώςεις</span> <span class='ocrx_word' id='word_1_273' title='bbox 1198 3047 1250 3109; x_wconf 84' lang='grc' dir='ltr'>καὶ</span> <span class='ocrx_word' id='word_1_274' title='bbox 1278 3046 1379 3125; x_wconf 83' lang='grc' dir='ltr'>ῥοπὰς</span> 
     </span>
    </p>

    <p class='ocr_par' dir='ltr' id='par_1_13' title="bbox 166 3133 1381 3751">
     <span class='ocr_line' id='line_1_31' title="bbox 176 3133 1381 3215; baseline -0.002 -14"><span class='ocrx_word' id='word_1_275' title='bbox 176 3135 282 3201; x_wconf 73' lang='grc' dir='ltr'>οάνευ</span> <span class='ocrx_word' id='word_1_276' title='bbox 305 3138 392 3201; x_wconf 90' lang='grc' dir='ltr'>τινὸς</span> <span class='ocrx_word' id='word_1_277' title='bbox 416 3136 517 3200; x_wconf 89' lang='grc' dir='ltr'>αἰτίας</span> <span class='ocrx_word' id='word_1_278' title='bbox 540 3137 592 3200; x_wconf 89' lang='grc' dir='ltr'>καὶ</span> <span class='ocrx_word' id='word_1_279' title='bbox 614 3137 773 3215; x_wconf 88' lang='grc' dir='ltr'>διαφοράς</span> <span class='ocrx_word' id='word_1_280' title='bbox 796 3136 815 3213; x_wconf 90' lang='grc' dir='ltr'>ἢ</span> <span class='ocrx_word' id='word_1_281' title='bbox 840 3135 913 3213; x_wconf 88' lang='grc' dir='ltr'>περὶ</span> <span class='ocrx_word' id='word_1_282' title='bbox 936 3134 1018 3198; x_wconf 84' lang='grc' dir='ltr'>αὐτὰ</span> <span class='ocrx_word' id='word_1_283' title='bbox 1048 3133 1178 3200; x_wconf 92' lang='grc' dir='ltr'>πάντως</span> <span class='ocrx_word' id='word_1_284' title='bbox 1200 3137 1220 3214; x_wconf 87' lang='grc' dir='ltr'>ἢ</span> <span class='ocrx_word' id='word_1_285' title='bbox 1244 3136 1319 3214; x_wconf 88' lang='grc' dir='ltr'>περὶ</span> <span class='ocrx_word' id='word_1_286' title='bbox 1342 3135 1381 3199; x_wconf 86' lang='grc' dir='ltr'>τὰ</span> 
     </span>
     <span class='ocr_line' id='line_1_32' title="bbox 204 3221 1379 3304; baseline -0.001 -16"><span class='ocrx_word' id='word_1_287' title='bbox 204 3224 324 3292; x_wconf 84' lang='grc' dir='ltr'>ἔξωθεν</span> <span class='ocrx_word' id='word_1_288' title='bbox 346 3226 551 3304; x_wconf 88' lang='grc' dir='ltr'>γιγνομένης·</span> <span class='ocrx_word' id='word_1_289' title='bbox 574 3224 696 3302; x_wconf 88' lang='grc' dir='ltr'>τὸγὰρ</span> <span class='ocrx_word' id='word_1_290' title='bbox 720 3222 865 3288; x_wconf 90' lang='grc' dir='ltr'>ἀναίτιον</span> <span class='ocrx_word' id='word_1_291' title='bbox 888 3222 974 3287; x_wconf 84' lang='grc' dir='ltr'>ὅλως</span> <span class='ocrx_word' id='word_1_292' title='bbox 997 3222 1203 3302; x_wconf 87' lang='grc' dir='ltr'>ἀνύπαρκτον</span> <span class='ocrx_word' id='word_1_293' title='bbox 1227 3221 1379 3289; x_wconf 84' lang='grc' dir='ltr'>εἶναικαὶ</span> 
     </span>
     <span class='ocr_line' id='line_1_33' title="bbox 203 3311 1379 3394; baseline 0 -16"><span class='ocrx_word' id='word_1_294' title='bbox 203 3315 241 3378; x_wconf 89' lang='grc' dir='ltr'>τὸ</span> <span class='ocrx_word' id='word_1_295' title='bbox 270 3315 465 3394; x_wconf 85' lang='grc' dir='ltr'>αὐτόματον·</span> <span class='ocrx_word' id='word_1_296' title='bbox 494 3315 530 3378; x_wconf 90' lang='grc' dir='ltr'>έν</span> <span class='ocrx_word' id='word_1_297' title='bbox 558 3314 593 3376; x_wconf 83' lang='grc' dir='ltr'>δὲ</span> <span class='ocrx_word' id='word_1_298' title='bbox 617 3317 688 3376; x_wconf 86' lang='grc' dir='ltr'>ταῖς</span> <span class='ocrx_word' id='word_1_299' title='bbox 710 3312 943 3390; x_wconf 89' lang='grc' dir='ltr'>πλαττομέναις</span> <span class='ocrx_word' id='word_1_300' title='bbox 966 3311 1028 3377; x_wconf 80' lang='grc' dir='ltr'>ὑπ’</span> <span class='ocrx_word' id='word_1_301' title='bbox 1051 3312 1147 3377; x_wconf 84' lang='grc' dir='ltr'>ἐνίων</span> <span class='ocrx_word' id='word_1_302' title='bbox 1170 3313 1222 3376; x_wconf 86' lang='grc' dir='ltr'>καὶ</span> <span class='ocrx_word' id='word_1_303' title='bbox 1245 3314 1379 3392; x_wconf 90' lang='grc' dir='ltr'>λεγομέ-</span> 
     </span>
     <span class='ocr_line' id='line_1_34' title="bbox 204 3399 1379 3481; baseline -0.002 -13"><span class='ocrx_word' id='word_1_304' title='bbox 204 3423 273 3468; x_wconf 89' lang='grc' dir='ltr'>ναις</span> <span class='ocrx_word' id='word_1_305' title='bbox 301 3404 431 3468; x_wconf 89' lang='grc' dir='ltr'>ταύταις</span> <span class='ocrx_word' id='word_1_306' title='bbox 460 3401 661 3467; x_wconf 87' lang='grc' dir='ltr'>ἐπελεύςεςιν</span> <span class='ocrx_word' id='word_1_307' title='bbox 684 3400 786 3465; x_wconf 85' lang='grc' dir='ltr'>αἰτίας</span> <span class='ocrx_word' id='word_1_308' title='bbox 809 3399 949 3481; x_wconf 84' lang='grc' dir='ltr'>ἀδήλους</span> <span class='ocrx_word' id='word_1_309' title='bbox 972 3401 1162 3480; x_wconf 86' lang='grc' dir='ltr'>ὑποτρέχειν</span> <span class='ocrx_word' id='word_1_310' title='bbox 1185 3402 1237 3464; x_wconf 91' lang='grc' dir='ltr'>καὶ</span> <span class='ocrx_word' id='word_1_311' title='bbox 1260 3402 1379 3468; x_wconf 92' lang='grc' dir='ltr'>λανθά-</span> 
     </span>
     <span class='ocr_line' id='line_1_35' title="bbox 205 3488 1380 3572; baseline -0.002 -15"><span class='ocrx_word' id='word_1_312' title='bbox 205 3513 273 3557; x_wconf 91' lang='grc' dir='ltr'>νειν</span> <span class='ocrx_word' id='word_1_313' title='bbox 287 3494 368 3572; x_wconf 82' lang='grc' dir='ltr'>ἡμᾶς</span> <span class='ocrx_word' id='word_1_314' title='bbox 386 3493 438 3557; x_wconf 89' lang='grc' dir='ltr'>ἐπὶ</span> <span class='ocrx_word' id='word_1_315' title='bbox 457 3490 575 3568; x_wconf 90' lang='grc' dir='ltr'>θάτερα</span> <span class='ocrx_word' id='word_1_316' title='bbox 593 3492 652 3568; x_wconf 86' lang='grc' dir='ltr'>τὴν</span> <span class='ocrx_word' id='word_1_317' title='bbox 671 3489 773 3570; x_wconf 87' lang='grc' dir='ltr'>ὁρμὴν</span> <span class='ocrx_word' id='word_1_318' title='bbox 787 3488 948 3567; x_wconf 87' lang='grc' dir='ltr'>ἀγούςας’.</span> <span class='ocrx_word' id='word_1_319' title='bbox 976 3495 1077 3554; x_wconf 82' lang='grc' dir='ltr'>ταῦτα</span> <span class='ocrx_word' id='word_1_320' title='bbox 1100 3492 1158 3569; x_wconf 84' lang='grc' dir='ltr'>μὲν</span> <span class='ocrx_word' id='word_1_321' title='bbox 1177 3489 1236 3555; x_wconf 82' lang='grc' dir='ltr'>οὖν</span> <span class='ocrx_word' id='word_1_322' title='bbox 1255 3491 1292 3556; x_wconf 85' lang='grc' dir='ltr'>ἑν</span> <span class='ocrx_word' id='word_1_323' title='bbox 1310 3497 1380 3557; x_wconf 86' lang='grc' dir='ltr'>τοῖς</span> 
     </span>
     <span class='ocr_line' id='line_1_36' title="bbox 166 3577 1217 3661; baseline -0.002 -15"><span class='ocrx_word' id='word_1_324' title='bbox 166 3599 192 3638; x_wconf 85' lang='lat'>1⁰</span> <span class='ocrx_word' id='word_1_325' title='bbox 205 3581 462 3661; x_wconf 90' lang='grc' dir='ltr'>γνωριμωτάτοις</span> <span class='ocrx_word' id='word_1_326' title='bbox 485 3580 549 3644; x_wconf 87' lang='grc' dir='ltr'>έςτὶ</span> <span class='ocrx_word' id='word_1_327' title='bbox 571 3582 638 3643; x_wconf 84' lang='grc' dir='ltr'>τῶν</span> <span class='ocrx_word' id='word_1_328' title='bbox 657 3577 715 3643; x_wconf 79' lang='grc' dir='ltr'>ὑπ’</span> <span class='ocrx_word' id='word_1_329' title='bbox 733 3579 833 3644; x_wconf 83' lang='grc' dir='ltr'>αὐτοῦ</span> <span class='ocrx_word' id='word_1_330' title='bbox 857 3578 1010 3644; x_wconf 87' lang='grc' dir='ltr'>πολλάκις</span> <span class='ocrx_word' id='word_1_331' title='bbox 1034 3580 1217 3659; x_wconf 90' lang='grc' dir='ltr'>εἰρημένων.</span> 
     </span>
     <span class='ocr_line' id='line_1_37' title="bbox 278 3681 921 3751; baseline -0.005 -12"><span class='ocrx_word' id='word_1_332' title='bbox 278 3690 292 3738; x_wconf 94' lang='grc'>1</span> <span class='ocrx_word' id='word_1_333' title='bbox 311 3687 443 3739; x_wconf 87' lang='grc' dir='ltr'>τούτους·</span> <span class='ocrx_word' id='word_1_334' title='bbox 463 3682 614 3751; x_wconf 79' lang='lat' dir='ltr'><strong>Epicureos</strong></span> <span class='ocrx_word' id='word_1_335' title='bbox 676 3689 703 3737; x_wconf 84' lang='grc' dir='ltr'>’θ</span> <span class='ocrx_word' id='word_1_336' title='bbox 723 3685 779 3737; x_wconf 82' lang='grc' dir='ltr'>καί·</span> <span class='ocrx_word' id='word_1_337' title='bbox 799 3681 863 3738; x_wconf 82' lang='lat' dir='ltr'>fort.</span> <span class='ocrx_word' id='word_1_338' title='bbox 882 3684 921 3737; x_wconf 79' lang='grc' dir='ltr'>ὡς</span> 
     </span>
    </p>
   </div>
   <div class='ocr_carea' id='block_1_9' title="bbox 205 3787 1418 4408">
    <p class='ocr_par' dir='ltr' id='par_1_14' title="bbox 205 3787 1418 4142">
     <span class='ocr_line' id='line_1_38' title="bbox 292 3787 1418 3880; baseline 0.002 -22"><span class='ocrx_word' id='word_1_339' title='bbox 292 3787 378 3858; x_wconf 75' lang='lat' dir='ltr'><strong>Alex.</strong></span> <span class='ocrx_word' id='word_1_340' title='bbox 398 3798 512 3858; x_wconf 73' lang='grc' dir='ltr'>θείοιο</span> <span class='ocrx_word' id='word_1_341' title='bbox 528 3816 551 3857; x_wconf 86' lang='grc' dir='ltr'>ο.</span> <span class='ocrx_word' id='word_1_342' title='bbox 568 3799 608 3856; x_wconf 84' lang='lat'>23</span> <span class='ocrx_word' id='word_1_343' title='bbox 625 3795 682 3879; x_wconf 71' lang='lat'>(74</span> <span class='ocrx_word' id='word_1_344' title='bbox 698 3789 762 3880; x_wconf 80' lang='lat'><strong>0.):</strong></span> <span class='ocrx_word' id='word_1_345' title='bbox 801 3793 1019 3872; x_wconf 86' lang='grc' dir='ltr'>Καταφεύγειν</span> <span class='ocrx_word' id='word_1_346' title='bbox 1042 3794 1078 3857; x_wconf 78' lang='grc' dir='ltr'>δὲ</span> <span class='ocrx_word' id='word_1_347' title='bbox 1102 3792 1155 3857; x_wconf 87' lang='grc' dir='ltr'>ἐπὶ</span> <span class='ocrx_word' id='word_1_348' title='bbox 1176 3792 1214 3855; x_wconf 87' lang='grc' dir='ltr'>τὸ</span> <span class='ocrx_word' id='word_1_349' title='bbox 1238 3789 1418 3873; x_wconf 67' lang='grc' dir='ltr'>“ἀδηλον6ξ</span> 
     </span>
     <span class='ocr_line' id='line_1_39' title="bbox 205 3877 1381 3967; baseline -0.003 -17"><span class='ocrx_word' id='word_1_350' title='bbox 205 3883 287 3950; x_wconf 85' lang='grc' dir='ltr'>εἶναι</span> <span class='ocrx_word' id='word_1_351' title='bbox 305 3883 392 3949; x_wconf 92' lang='grc' dir='ltr'>τίνος</span> <span class='ocrx_word' id='word_1_352' title='bbox 411 3880 517 3960; x_wconf 85' lang='grc' dir='ltr'>αίτια’,</span> <span class='ocrx_word' id='word_1_353' title='bbox 541 3877 662 3967; x_wconf 82' lang='grc' dir='ltr'>(ὥςπερ</span> <span class='ocrx_word' id='word_1_354' title='bbox 686 3881 794 3962; x_wconf 89' lang='grc' dir='ltr'>ἀμέλει</span> <span class='ocrx_word' id='word_1_355' title='bbox 818 3883 869 3948; x_wconf 89' lang='grc' dir='ltr'>καὶ</span> <span class='ocrx_word' id='word_1_356' title='bbox 891 3883 944 3947; x_wconf 81' lang='grc' dir='ltr'>ἐπὶ</span> <span class='ocrx_word' id='word_1_357' title='bbox 967 3887 1023 3962; x_wconf 87' lang='grc' dir='ltr'>τῆς</span> <span class='ocrx_word' id='word_1_358' title='bbox 1046 3880 1201 3961; x_wconf 89' lang='grc' dir='ltr'>προνοίας</span> <span class='ocrx_word' id='word_1_359' title='bbox 1224 3886 1280 3962; x_wconf 87' lang='grc' dir='ltr'>τῆς</span> <span class='ocrx_word' id='word_1_360' title='bbox 1304 3881 1381 3947; x_wconf 80' lang='grc' dir='ltr'>κατ’</span> 
     </span>
     <span class='ocr_line' id='line_1_40' title="bbox 205 3969 1379 4057; baseline -0.002 -19"><span class='ocrx_word' id='word_1_361' title='bbox 205 3974 322 4038; x_wconf 86' lang='grc' dir='ltr'>αὐτοὺς</span> <span class='ocrx_word' id='word_1_362' title='bbox 345 3971 578 4048; x_wconf 83' lang='grc' dir='ltr'>ἀναγκάζονται</span> <span class='ocrx_word' id='word_1_363' title='bbox 602 3972 706 4037; x_wconf 81' lang='grc' dir='ltr'>ποιεῖν</span> <span class='ocrx_word' id='word_1_364' title='bbox 729 3971 918 4057; x_wconf 54' lang='grc' dir='ltr'>πολλάκις)</span> <span class='ocrx_word' id='word_1_365' title='bbox 941 3970 1096 4049; x_wconf 84' lang='grc' dir='ltr'>εὐπορίαν</span> <span class='ocrx_word' id='word_1_366' title='bbox 1119 3971 1183 4035; x_wconf 87' lang='grc' dir='ltr'>έςτὶ</span> <span class='ocrx_word' id='word_1_367' title='bbox 1205 3974 1274 4036; x_wconf 85' lang='grc' dir='ltr'>τοῖς</span> <span class='ocrx_word' id='word_1_368' title='bbox 1297 3969 1379 4036; x_wconf 89' lang='grc' dir='ltr'>ἀπό·</span> 
     </span>
     <span class='ocr_line' id='line_1_41' title="bbox 206 4063 546 4142; baseline -0.003 -15"><span class='ocrx_word' id='word_1_369' title='bbox 206 4083 273 4142; x_wconf 93' lang='grc' dir='ltr'>ροις</span> <span class='ocrx_word' id='word_1_370' title='bbox 297 4063 546 4141; x_wconf 88' lang='grc' dir='ltr'>μηχανωμένων.</span> 
     </span>
    </p>

    <p class='ocr_par' dir='ltr' id='par_1_15' title="bbox 205 4147 1418 4408">
     <span class='ocr_line' id='line_1_42' title="bbox 294 4147 1418 4232; baseline 0 -19"><span class='ocrx_word' id='word_1_371' title='bbox 294 4156 333 4214; x_wconf 86' lang='lat' dir='ltr'><strong>id.</strong></span> <span class='ocrx_word' id='word_1_372' title='bbox 353 4156 389 4215; x_wconf 89' lang='lat' dir='ltr'>de</span> <span class='ocrx_word' id='word_1_373' title='bbox 407 4176 453 4216; x_wconf 84' lang='lat' dir='ltr'>en.</span> <span class='ocrx_word' id='word_1_374' title='bbox 473 4156 504 4215; x_wconf 94' lang='lat' dir='ltr'>Il</span> <span class='ocrx_word' id='word_1_375' title='bbox 521 4176 550 4232; x_wconf 93' lang='lat' dir='ltr'>p.</span> <span class='ocrx_word' id='word_1_376' title='bbox 572 4157 634 4215; x_wconf 78' lang='lat'>132</span> <span class='ocrx_word' id='word_1_377' title='bbox 655 4154 702 4216; x_wconf 84' lang='lat'>0.:</span> <span class='ocrx_word' id='word_1_378' title='bbox 736 4149 826 4216; x_wconf 63' lang='grc' dir='ltr'>ὀὐδ’</span> <span class='ocrx_word' id='word_1_379' title='bbox 849 4148 935 4214; x_wconf 84' lang='grc' dir='ltr'>ὅλως</span> <span class='ocrx_word' id='word_1_380' title='bbox 958 4147 1039 4214; x_wconf 89' lang='grc' dir='ltr'>είναί</span> <span class='ocrx_word' id='word_1_381' title='bbox 1062 4169 1092 4213; x_wconf 95' lang='grc' dir='ltr'>τι</span> <span class='ocrx_word' id='word_1_382' title='bbox 1116 4153 1313 4227; x_wconf 87' lang='grc' dir='ltr'>ςυγχωροῑεν</span> <span class='ocrx_word' id='word_1_383' title='bbox 1336 4147 1418 4224; x_wconf 70' lang='grc' dir='ltr'>ἀνθξ</span> 
     </span>
     <span class='ocr_line' id='line_1_43' title="bbox 205 4237 1375 4321; baseline -0.003 -16"><span class='ocrx_word' id='word_1_384' title='bbox 205 4243 263 4320; x_wconf 83' lang='grc' dir='ltr'>τὴν</span> <span class='ocrx_word' id='word_1_385' title='bbox 286 4241 395 4321; x_wconf 85' lang='grc' dir='ltr'>τύχην,</span> <span class='ocrx_word' id='word_1_386' title='bbox 419 4239 563 4306; x_wconf 91' lang='grc' dir='ltr'>διδόντες</span> <span class='ocrx_word' id='word_1_387' title='bbox 585 4261 620 4304; x_wconf 92' lang='grc' dir='ltr'>τε</span> <span class='ocrx_word' id='word_1_388' title='bbox 644 4238 726 4306; x_wconf 83' lang='grc' dir='ltr'>εἶναι</span> <span class='ocrx_word' id='word_1_389' title='bbox 750 4241 901 4319; x_wconf 88' lang='grc' dir='ltr'>μαντικὴν</span> <span class='ocrx_word' id='word_1_390' title='bbox 924 4239 975 4303; x_wconf 84' lang='grc' dir='ltr'>καὶ</span> <span class='ocrx_word' id='word_1_391' title='bbox 999 4241 1066 4303; x_wconf 82' lang='grc' dir='ltr'>τῶν</span> <span class='ocrx_word' id='word_1_392' title='bbox 1089 4237 1219 4319; x_wconf 89' lang='grc' dir='ltr'>ἀδήλων</span> <span class='ocrx_word' id='word_1_393' title='bbox 1242 4238 1375 4303; x_wconf 89' lang='grc' dir='ltr'>δοκούν-</span> 
     </span>
     <span class='ocr_line' id='line_1_44' title="bbox 205 4325 1124 4408; baseline -0.002 -14"><span class='ocrx_word' id='word_1_394' title='bbox 205 4351 271 4396; x_wconf 94' lang='grc' dir='ltr'>των</span> <span class='ocrx_word' id='word_1_395' title='bbox 296 4328 376 4396; x_wconf 86' lang='grc' dir='ltr'>είναι</span> <span class='ocrx_word' id='word_1_396' title='bbox 399 4335 467 4396; x_wconf 82' lang='grc' dir='ltr'>τοῖς</span> <span class='ocrx_word' id='word_1_397' title='bbox 490 4329 601 4396; x_wconf 87' lang='grc' dir='ltr'>ἄλλοις</span> <span class='ocrx_word' id='word_1_398' title='bbox 623 4331 798 4408; x_wconf 86' lang='grc' dir='ltr'>γνωςτικὴν</span> <span class='ocrx_word' id='word_1_399' title='bbox 817 4328 917 4408; x_wconf 84' lang='grc' dir='ltr'>αὐτὴν</span> <span class='ocrx_word' id='word_1_400' title='bbox 940 4325 1124 4407; x_wconf 85' lang='grc' dir='ltr'>τιθέμενοι.’</span> 
     </span>
    </p>
   </div>
   <div class='ocr_carea' id='block_1_10' title="bbox 277 4431 1104 4503">
    <p class='ocr_par' dir='ltr' id='par_1_16' title="bbox 277 4431 1104 4503">
     <span class='ocr_line' id='line_1_45' title="bbox 277 4431 1104 4503; baseline -0.004 -14"><span class='ocrx_word' id='word_1_401' title='bbox 277 4441 293 4489; x_wconf 89' lang='grc'><strong>3</strong></span> <span class='ocrx_word' id='word_1_402' title='bbox 311 4441 370 4490; x_wconf 83' lang='grc' dir='ltr'>τοῖς</span> <span class='ocrx_word' id='word_1_403' title='bbox 389 4436 493 4491; x_wconf 85' lang='grc' dir='ltr'>ἀλλοις·</span> <span class='ocrx_word' id='word_1_404' title='bbox 512 4451 550 4489; x_wconf 90' lang='lat' dir='ltr'>se.</span> <span class='ocrx_word' id='word_1_405' title='bbox 569 4431 730 4488; x_wconf 86' lang='lat' dir='ltr'><strong>hominibus</strong></span> <span class='ocrx_word' id='word_1_406' title='bbox 748 4433 957 4503; x_wconf 55' lang='lat' dir='ltr'>praeteriissen</span> <span class='ocrx_word' id='word_1_407' title='bbox 975 4431 1104 4487; x_wconf 88' lang='lat' dir='ltr'><strong>omnibus</strong></span> 
     </span>
    </p>
   </div>
   <div class='ocr_carea' id='block_1_11' title="bbox 0 0 1436 4852">
    <p class='ocr_par' dir='ltr' id='par_1_17' title="bbox 0 0 1436 4852">
     <span class='ocr_line' id='line_1_46' title="bbox 0 0 1436 4852; baseline 0 0"><span class='ocrx_word' id='word_1_408' title='bbox 0 0 1436 4852; x_wconf 95' lang='lat' dir='ltr'> </span> 
     </span>
    </p>
   </div>
  </div>
 </body>
</html>
