2856 4852
58 194 67 211 ⁸
160 244 225 310 720
612 244 742 301 Alfredus
761 244 881 301 θοιαὶτοι

246 410 317 470 ibid.
337 430 360 470 ο.
382 413 400 470 6
421 402 463 491 (p.
487 413 526 470 14
546 403 608 493 0.):
651 406 690 471 ού
713 408 775 487 γὰρ
798 407 878 472 κατὰ
902 407 997 488 φύειν
1021 407 1079 485 μὲν
1102 404 1187 471 έετιν
1212 404 1368 485 ἄνθρω-όὶ

157 515 222 560 πον
245 497 277 561 ἐξ
302 494 475 574 ἀνθρώπου
500 496 550 559 καὶ
573 496 675 561 ἵππον
699 497 732 562 ἐξ
755 497 859 561 ἵππου
882 496 1051 575 γίγνεεθαι,
1075 495 1115 559 ού
1135 492 1210 560 καθ’
1230 495 1331 576 εἱμαρ-

178 586 214 650 έν
236 605 255 649 ν
279 585 324 650 δέ.

157 606 177 664 μ
216 606 243 725 ην
263 672 296 724 οὐ
315 688 339 724 κ.
359 687 380 725 ε.
402 672 433 724 δὲ
451 670 514 725 vA·
534 689 558 724 κ.
579 688 599 727 ε.
620 673 651 725 δὲ
670 673 703 725 οὔ
722 672 815 742 volgo.

244 785 316 846 ibid.
335 805 358 844 ο.
379 787 419 845 36
441 777 484 865 (p.
506 788 567 845 116
589 778 636 867 O.)
679 781 712 847 Εἰ
735 782 795 860 γὰρ
820 783 860 860 μὴ
885 780 943 846 εἰεί
966 782 1051 860 τιμαὶ
1076 781 1155 863 μηδὲ
1180 778 1368 860 κολάεειηόό

156 870 232 934 οὐδὲ
256 870 381 934 ἔπαινοι
405 869 481 934 οὐδὲ
511 869 623 949 ψόγοι·
647 870 674 934 εἰ
698 872 733 934 δὲ
753 872 793 949 μὴ
818 875 926 952 ταῦτα,
951 869 1028 934 οὐδὲ
1048 868 1283 949 κατορθώματύι
1300 891 1330 935 τε

155 960 206 1023 καὶ
229 957 450 1039 ἁμαρτήματα·
478 959 505 1024 εἰ
529 961 565 1023 δὲ
589 962 629 1040 μὴ
653 964 766 1052 ταῦτα,
787 959 871 1024 ὀὐδὲ
901 957 998 1039 ἀρετὴ
1029 959 1079 1024 καὶ
1107 959 1214 1023 κακία·
1243 959 1273 1024 εἰ
1299 960 1330 1023 δέ

156 1051 195 1127 μὴ
220 1053 333 1127 ταῦτα,
358 1049 455 1128 φαεὶν
477 1046 527 1112 ότι
552 1050 629 1127 μηδὲ
654 1048 730 1114 θεοί.

244 1142 315 1202 ibid.
335 1161 358 1201 ο.
379 1143 420 1202 34
441 1134 484 1222 (p.
506 1144 568 1202 106
591 1136 639 1218 Ο.)
684 1137 845 1218 Λαβόντεε
868 1136 930 1216 γὰρ
953 1137 991 1201 τὸ
1015 1137 1148 1202 ἕκαετον
1170 1141 1239 1201 τῶν
1264 1135 1369 1203 cuv-54

156 1226 302 1290 εετώτων
326 1226 418 1306 φύεει
441 1225 514 1291 καθ’
539 1226 730 1307 εἱμαρμένην
759 1224 1022 1305 εἶναιτοιοῦτον,
1046 1225 1164 1291 ὁποῖόν
1188 1227 1267 1306 ἑετι,
1291 1227 1332 1291 ώε

155 1315 275 1380 ταύτοῦ
299 1313 394 1380 ὄντος
416 1319 475 1380 τοῦ
498 1336 533 1379 τε
554 1316 647 1395 φύεει
666 1317 717 1380 καὶ
736 1320 795 1380 τού
814 1314 887 1380 καθ’
906 1314 1108 1395 εἱμαρμένην,
1133 1318 1332 1395 προετιθέαει

154 1405 192 1468 τὸ
217 1403 352 1469 εούκοῦν
375 1405 456 1468 κατὰ
478 1407 536 1484 τὴν
561 1405 752 1484 εἱμαρμένην
775 1404 827 1468 καὶ
850 1405 1027 1485 αἰεθήεεται
1049 1405 1090 1469 τὰ
1112 1409 1180 1488 Ζῷα
1204 1406 1258 1469 καὶ
1281 1404 1331 1484 ὁρ-

63 1499 65 1503 ’
128 1496 251 1572 5μήτει.
292 1495 343 1557 καὶ
366 1494 406 1557 τὰ
429 1494 487 1572 μὲν
510 1497 576 1558 τών
599 1495 693 1577 Ζῴων
716 1495 879 1573 ἐνεργήεει
902 1493 1012 1573 μόνον,
1036 1494 1076 1558 τὰ
1099 1495 1134 1557 δὲ
1158 1492 1273 1572 πράξει
1295 1495 1332 1558 τὰ

155 1581 279 1661 λογικὰ,
310 1583 423 1646 καὶτὰ
447 1585 505 1661 μὲν
528 1581 750 1662 ἁμαρτήεεται,
779 1583 878 1648 τὰδὲ
902 1583 1104 1662 κατορθώεει.
1145 1586 1249 1647 ταῦτα
1273 1584 1331 1662 γὰρ

154 1672 281 1735 τούτοιε
304 1671 384 1735 κατὰ
407 1672 503 1751 φύειν
527 1673 597 1750 μέν·
622 1670 728 1736 ὄντων
752 1674 787 1736 δὲ
812 1673 863 1736 καὶ
886 1671 1119 1751 ἁμαρτημάτων
1142 1673 1194 1736 καὶ
1218 1693 1330 1752 κατορ-

156 1760 326 1839 θωμάτων,
350 1761 401 1825 καὶ
423 1764 490 1824 τών
513 1761 671 1827 τοιούτων
695 1762 825 1841 φύεεων
848 1763 899 1826 καὶ
923 1763 1105 1841 ποιοτήτων
1129 1762 1169 1840 μὴ
1193 1760 1330 1838 ἀγνοου-

156 1851 263 1928 μένων
286 1850 338 1913 καὶ
361 1849 488 1914 έπαινοι
511 1851 569 1929 μὲν
593 1851 644 1914 καὶ
667 1850 774 1930 ψόγοι,
798 1852 849 1914 καὶ
872 1850 1015 1916 κολάεειε
1038 1851 1090 1915 καὶ
1109 1850 1207 1929 τιμαί·
1231 1856 1330 1915 ταῦτα

115 1953 141 1991 1⁰
154 1939 215 2018 γὰρ
239 1939 344 2003 οὕτω(
367 1938 433 2018 ἔχει
457 1937 648 2004 ἀκολουθία(
671 1961 706 2004 τε
729 1941 781 2004 καὶ
803 1938 951 2006 τάξεωε’.

226 2047 242 2096 6
261 2043 362 2108 μόνον·
381 2043 484 2109 χρόνον
500 2043 524 2095 A
579 2047 595 2096 9
614 2046 672 2097 κολ.
692 2045 737 2096 καὶ
754 2042 878 2109 τιμαὶἱέ·
899 2043 1021 2097 κολάεειε
1038 2045 1083 2097 καί
1101 2043 1186 2109 τομαί
1204 2041 1238 2112 Α,
1257 2045 1328 2110 τιμαὶ

154 2116 199 2167 καὶ
217 2117 274 2168 noh
293 2113 378 2183 volgo
899 2122 902 2133 '

241 2226 313 2287 ibid.
341 2246 364 2286 ο.
386 2229 425 2287 35
454 2220 496 2308 (p.
519 2219 651 2307 1100.)
701 2223 748 2290 Ού
770 2224 831 2303 γὰρ
856 2223 919 2288 έετι
942 2226 1001 2303 μὲν
1023 2224 1154 2304 τοιαύτη
1177 2226 1198 2304 ἡ
1223 2219 1365 2303 εἱμαρ-όό

154 2312 231 2391 μένη
256 2311 314 2376 οὐκ
337 2311 401 2376 έετι
424 2312 459 2381 δὲ
487 2313 694 2393 πεπρωμένη,
725 2313 823 2397 <οὐδὲ
852 2312 916 2377 ἔετι
946 2314 1004 2392 μέν
1032 2313 1250 2396 πεπρωμένη>
1273 2314 1327 2378 οὐκ

153 2401 216 2465 έετι
241 2403 276 2465 δὲ
300 2399 381 2483 αῑεα,
405 2401 481 2466 οὐδὲ
505 2401 569 2465 ἔετι
588 2403 646 2480 μὲν
665 2400 750 2481 αῑεα,
782 2402 841 2467 οὐκ
869 2401 932 2467 έετι
961 2403 996 2466 δὲ
1016 2404 1146 2481 νέμεειε,
1171 2403 1248 2468 οὐδὲ
1268 2403 1326 2467 ἔεπ

152 2491 211 2569 μὲν
234 2491 368 2569 νέμεειε,
393 2490 451 2554 οὐκ
474 2489 537 2559 ἔετι
561 2492 596 2555 δὲ
627 2490 739 2571 νόμοε,
768 2489 837 2556 οὐδ’
860 2491 924 2556 έετι
952 2493 1010 2570 μὲν
1040 2491 1151 2571 νόμοτ,
1180 2492 1240 2557 οὐκ
1268 2492 1326 2556 έττι

128 2581 190 2643 ὀδὲ
224 2578 323 2656 λόγοε
351 2579 447 2658 ὀρθὸε
474 2580 702 2658 προττακτικόε
730 2582 788 2660 μὲν
813 2579 859 2646 ὧν
883 2581 1049 2661 ποιητέον,
1077 2579 1326 2661 ἀπαγορευτικὸς

153 2671 189 2733 δὲ
214 2667 261 2733 ὧν
285 2667 325 2733 ού
348 2671 508 2749 ποιητέον.
547 2667 630 2734 ἀλλὰ
657 2669 894 2750 ἀπαγορεύεται
922 2672 981 2750 μὲν
1007 2671 1047 2734 τὰ
1074 2669 1326 2751 ἁμαρτανόμενα,

153 2756 383 2836 προετάττεται
406 2760 442 2823 δὲ
465 2759 505 2822 τὰ
529 2759 769 2838 κατορθώματα.
810 2760 868 2824 οὐκ
891 2759 961 2839 ἄρα,
987 2758 1050 2823 έετι
1074 2761 1131 2838 μὲν
1154 2760 1287 2840 τοιαύτη
1308 2759 1326 2837 ἡ

152 2846 337 2926 εἱμαρμένη,
365 2847 424 2912 ούκ
452 2846 515 2912 έετι
543 2849 579 2912 δὲ
607 2848 814 2929 ἁμαρτήματα
843 2849 894 2912 καὶ
921 2848 1165 2926 κατορθώματα·
1197 2846 1275 2913 ἀλλ’
1302 2847 1327 2912 εἰ

153 2935 236 2999 ἔττιν
260 2934 467 3018 ἁμαρτήματα
490 2937 541 3000 καὶ
564 2938 803 3016 κατορθώματα,
828 2935 911 3001 έττιν
930 2934 1025 3015 ἀρετὴ
1045 2938 1096 3001 καὶ
1115 2937 1219 3002 κακία·
1244 2937 1327 3002 εἰδὲ

113 3039 139 3078 1⁰
152 3030 261 3105 ταῦτα,
286 3023 349 3090 ἔττι
373 3027 473 3091 καλὸν
496 3027 547 3090 καὶ
566 3025 708 3105 αἰεχρόν·
733 3023 816 3089 ἀλλὰ
834 3027 872 3090 τό
891 3026 949 3104 μὲν
967 3026 1068 3091 καλὸν
1087 3027 1268 3105 ἐπαινετὸν,
1291 3028 1327 3090 τὸ

153 3115 188 3178 δὲ
213 3115 344 3194 αἰτχρὸν
367 3115 503 3194 ψεκτόν·
526 3115 585 3180 ούκ
608 3113 679 3194 ἄρα,
703 3113 766 3178 ἔετι
790 3117 848 3194 μὲν
871 3114 1001 3193 τοιαύτη
1025 3115 1045 3194 ἡ
1066 3115 1247 3195 εἱμαρμένη,
1272 3115 1330 3180 οὐκ

152 3203 215 3268 έετι
239 3205 274 3268 δὲ
299 3205 471 3270 ἐπαινετὸν
493 3206 544 3268 καὶ
568 3203 701 3283 ψεκτόν·
725 3201 809 3267 ἀλλὰ
831 3204 871 3268 τὰ
894 3205 951 3282 μὲν
970 3204 1122 3270 ἐπαινετὰ
1140 3209 1229 3284 τιμῆε
1250 3203 1330 3283 ἄξια,

151 3293 191 3356 τὰ
215 3295 250 3357 δὲ
275 3294 378 3372 ψεκτὰ
399 3292 574 3358 κολάεεωτ·
599 3292 658 3356 ούκ
681 3291 758 3371 ἄρα,
782 3291 845 3357 έετι
868 3294 927 3372 μὲν
949 3293 1079 3373 τοιαύτη
1102 3293 1122 3371 ἡ
1148 3292 1329 3373 εἱμαρμένη,

152 3381 211 3446 οὐκ
234 3381 297 3447 έετι
320 3383 356 3446 δὲ
379 3384 450 3461 τιμὴ
475 3382 526 3445 καὶ
546 3380 680 3460 κόλαειε,
703 3379 779 3445 ἀλλ’
798 3381 881 3446 έιτιν
900 3384 958 3461 μὲν
982 3384 1052 3461 τιμὴ
1071 3384 1175 3462 γέρωε
1194 3380 1329 3463 ἀξὶωειε,

113 3472 171 3550 1ῡὴ
195 3473 231 3535 δὲ
255 3470 382 3536 κόλαειε
405 3469 636 3548 έπανόρθωειε·
666 3470 725 3534 οὐκ
752 3468 827 3550 ἄρα,
856 3471 920 3535 ἔετι
942 3472 1000 3550 μὲν
1022 3471 1153 3551 τοιαύτη
1177 3473 1197 3550 ἡ
1221 3471 1329 3552 εἱμαρ-

152 3560 243 3640 μένη,
268 3561 327 3624 οὐκ
350 3559 413 3624 έετι
436 3561 472 3623 δὲ
496 3561 599 3638 γέρωε
622 3558 745 3626 ἀξίωειι
769 3561 820 3624 καὶ
844 3559 1069 3638 έπανόρθωαε.
1107 3560 1135 3625 εἰ
1159 3561 1330 3641 δὲταῦτα,

151 3648 318 3728 ἀπείρηται
346 3649 403 3728 μὲν
432 3646 513 3712 εἶναι
542 3647 674 3714 πάντων
697 3650 877 3728 γινομένων
900 3647 976 3713 καθ’
998 3649 1189 3729 εἱμαρμένην
1213 3671 1329 3729 κατορ-

151 3737 283 3817 θώματά
309 3758 344 3802 τε
373 3738 424 3801 καὶ
451 3736 671 3817 ἁμαρτήματα,
700 3739 751 3802 καὶ
778 3739 864 3817 τιμαὶ
886 3739 938 3802 καὶ
961 3737 1118 3818 κολόεειε,
1147 3739 1198 3803 καὶ
1221 3741 1329 3817 γέρωτ

151 3825 274 3894 ἀξίωειε
297 3828 348 3890 καὶ
371 3825 497 3891 ἔπαινοι
520 3827 571 3890 καὶ
594 3826 702 3905 ψόγοι.

222 3932 346 3996 λέγονειν
364 3930 418 3997 γὰρ
439 3931 488 3984 ὀὐ
508 3961 541 3970 -
560 3931 671 3997 ψόγοι’.
720 3933 787 3985 Ῑού
807 3932 860 3998 γάρ
879 3929 942 3984 VA·
963 3931 1014 3984 οὐκ
1086 3932 1189 3985 206δὲ
1207 3933 1262 3986 ἔετι
1280 3951 1329 3988 πε-

114 4026 116 4031 ·
150 4003 282 4070 πρωμὲνη
303 4018 357 4056 0m.
377 4000 441 4057 VA·
461 4004 512 4056 ούκ
530 4003 585 4057 έετι
603 4000 698 4127 (μὲνξ
713 4020 741 4058 π.
762 4001 924 4057 dubitanter
943 4000 988 4057 Or.
1055 4003 1157 4056 3ούδὲ
1175 4002 1225 4056 VA
1246 4007 1276 4058 et
1295 4022 1329 4058 ex

151 4073 268 4128 oonieet.
288 4072 389 4127 Zeller·
409 4075 461 4128 ούκ
514 4075 594 4128 4δὲ·
614 4076 664 4140 μὲν
703 4074 711 4104 ¹
766 4076 816 4140 μὲν
835 4074 900 4128 ante
918 4071 1054 4139 νόμοεΑ·
1074 4089 1091 4128 ο
1109 4075 1184 4128 rubr.
1194 4073 1227 4140 V,
1248 4074 1328 4129 δὲἱῙ1

150 4143 194 4216 416
213 4145 264 4198 οὐκ
283 4146 337 4199 έετι
355 4147 386 4200 δέ
404 4145 441 4199 Α·
461 4146 526 4198 οὐδ’
544 4147 616 4200 ἔετιν
635 4147 684 4212 μὲν
703 4145 729 4199 V
823 4149 856 4199 16
875 4143 899 4198 εἰ
917 4144 969 4211 (sic
988 4142 1036 4213 V1,
1055 4146 1089 4198 ού
1108 4145 1182 4200 rubr.
1194 4144 1230 4213 V)
1251 4148 1282 4200 δὲ
1301 4165 1326 4201 τ.

150 4214 296 4284 ἀπείρηται
314 4216 340 4270 V
358 4217 421 4271 fort.
440 4220 529 4272 recte·
549 4217 573 4271 εἰ
592 4219 623 4272 δὲ
639 4235 665 4271 τ.
685 4217 825 4285 ἀπήρηται
839 4213 871 4283 Α,
891 4213 915 4268 εἰ
934 4217 964 4269 δὲ
981 4221 1071 4270 ταθτα
1091 4216 1235 4285 ἀφῄρηται

220 4285 288 4344 ibid.
308 4304 331 4345 ο.
351 4293 384 4343 36
405 4292 442 4358 (ρ.
463 4287 573 4356 1140.)
611 4289 638 4343 οἱ
657 4291 706 4355 μὲν
724 4289 805 4354 νόμοι
822 4290 1017 4354 προετακτικοὶ
1035 4288 1085 4353 μέν
1103 4287 1151 4341 εἰει
1168 4293 1228 4342 τών
1246 4305 1326 4356 ποιη-

149 4359 231 4428 τέων,
250 4361 464 4429 ἀπαγορευτικοὶ
484 4362 515 4415 δὲ
532 4365 591 4414 τών
610 4361 643 4413 ού
661 4359 811 4428 ποιητέων.

221 4430 294 4488 infra
312 4434 328 4486 ὁ
347 4435 396 4500 μὲν
414 4434 500 4499 νόμοε
517 4433 715 4500 προττακτικόε
734 4432 788 4484 ἐετι
806 4435 865 4484 τών
882 4431 1030 4497 πρακτέων
1047 4446 1079 4484 τε
1098 4433 1143 4484 καὶ
1162 4432 1208 4498 μή.
