2856 4852
208 260 272 326 716
658 261 790 320 Alfredus
807 262 928 320 Gereke:

341 425 515 513 ‘rit'txee’
537 426 605 493 ὅττι
628 447 684 493 κεν
706 426 781 508 ὔμμι
804 427 903 494 κακὸν
925 429 1082 512 πέμπητιν
1106 426 1241 514 ἑκά(τῳ’

207 519 226 597 ἢ
250 515 386 596 ἀγαθόν,
410 517 542 583 καὶτὸν
566 516 735 597 Εὐριπίδην

179 624 192 664 ο
341 604 385 670 ‘dr
408 608 487 687 Ζεῦ,
510 606 540 671 τί
564 611 644 687 δῆτα
667 608 743 672 τού(
766 606 992 686 ταλαιπώρου(
1017 607 1151 688 βροτού(

340 701 477 784 φρονεῖν
501 695 626 776 λέγοιμ’
649 694 702 773 άν;
728 700 784 773 (οὓ
806 697 869 775 γὰρ
892 696 1087 776 ἐξηρτήμεθα

340 786 466 864 δρῶμέν
489 807 525 850 τε
547 782 662 866 τοιάδ’,
686 784 727 850 ἃν
750 787 785 850 (ύ
809 784 969 869 τυγχάνῃ(
992 784 1153 866 φρονῶν’.
1424 864 1426 869 Ι

207 893 305 957 αὐτὸ(
324 894 359 957 δὲ
379 888 592 979 (Χρύτιπποτ)
612 893 719 958 πολλὰ
737 893 864 957 τούτοι(
883 891 1129 972 ὁμολογούμενα
1143 892 1271 973 γράφει,
1289 895 1381 959 τέλο(
1424 932 1426 979 :

206 984 242 1046 δέ
266 1001 342 1062 φη(ι
370 980 484 1061 ’μηδὲν
513 981 638 1061 ἔχετθαι
667 983 744 1063 μηδὲ
768 986 918 1047 κινείεθαι
941 983 1019 1062 μηδὲ
1042 981 1253 1062 τούλάχιετον
1274 981 1382 1047 άλλω(
1424 998 1426 1057 ζ

166 1073 224 1150 ιοῆ
246 1071 325 1134 κατὰ
343 1071 401 1135 τὸν
420 1075 478 1136 τού
497 1072 579 1135 Διὸ(
598 1071 708 1151 λόγον,
731 1072 771 1136 ὃν
789 1077 827 1156 τῇ
847 1070 1018 1154 εἱμαρμένῃ
1034 1072 1092 1136 τὸν
1107 1072 1207 1137 αύτὸν
1222 1069 1341 1137 εἶναι’.
1356 1122 1382 1136 ..
1424 1082 1426 1097 “

205 1161 263 1239 τὴν
287 1158 320 1223 δ’
344 1159 534 1240 εἱμαρμένην
559 1160 664 1226 αἰτίαν
687 1159 838 1240 ἀνίκητον
867 1161 918 1224 καὶ
947 1159 1115 1226 ἀκώλυτον
1142 1162 1194 1224 καὶ
1222 1159 1383 1240 ἄτρεπτον

205 1247 400 1329 ἀποφαίνων
424 1248 521 1313 αύτὸ(
545 1248 707 1329 Ἄτροπον
731 1253 821 1315 καλεῖ
844 1249 895 1314 καὶ
920 1245 1124 1328 Ἀδράετειαν
1152 1251 1203 1314 καὶ
1226 1248 1383 1330 Ἀνάγκην
1424 1292 1426 1311 .

206 1339 257 1402 καὶ
280 1339 505 1418 Πεπρωμένην
528 1337 573 1403 ὡ(
596 1339 697 1418 πέρα(
720 1338 836 1404 άπαειν
859 1339 1061 1404 ἐπιτιθείιαν.
1424 1352 1426 1369 ²

276 1441 343 1497 311.
364 1443 453 1497 0109
527 1447 544 1494 4
562 1445 579 1510 ἢ
600 1443 706 1508 ἀγαθόν
726 1443 823 1512 Chrys.
842 1441 953 1497 addidit
1025 1442 1123 1496 tEur.
1144 1441 1220 1512 Supl.
1241 1448 1383 1499 aee-⁷36

206 1518 221 1566 6
240 1514 350 1580 λέγοιμ’
368 1515 402 1567 ἂν
422 1512 604 1583 Chrysippus·
624 1514 732 1580 λέγουει
750 1513 815 1567 Eur.
872 1519 887 1567 ί
907 1514 941 1566 ἃν
960 1515 990 1567 (ύ
1010 1514 1150 1583 τυγχάνῃ(
1168 1513 1245 1568 Eur:
1266 1516 1284 1569 ἃ
1305 1516 1336 1583 (ά
1354 1532 1384 1581 γε

207 1584 253 1639 DL
273 1584 312 1637 IX
331 1586 376 1655 71)
396 1587 426 1638 (ύ
445 1586 591 1652 τυγχάνει(
609 1583 682 1641 Plut.
738 1590 854 1652 φρονῶν
873 1583 947 1638 Plut.
966 1584 1012 1639 vel
1031 1584 1140 1654 Chrys:
1160 1586 1249 1640 θέλων
1268 1585 1336 1642 Eur.

296 1717 426 1793 August.
452 1718 480 1779 d.
504 1737 527 1777 e.
547 1716 575 1776 d.
594 1716 621 1772 V
641 1719 660 1776 8
681 1709 755 1794 (cie.
779 1716 816 1776 de
840 1717 903 1776 fate
925 1717 983 1793 frg.
1004 1709 1040 1797 3)
1068 1717 1113 1776 illi
1137 1737 1254 1794 queque
1277 1712 1417 1779 versusdt

206 1806 357 1866 Homerici
371 1807 440 1866 huie
454 1806 621 1867 sententiae
636 1806 847 1882 suffragantur,
868 1824 941 1882 ques
957 1803 1058 1865 Cicero
1072 1807 1104 1865 in
1118 1806 1262 1866 Latinum
1276 1809 1382 1868 vertit:

388 1907 481 1974 ‘tales
501 1915 572 1973 sunt
591 1912 744 1972 hominum
766 1916 897 1986 mentes,
916 1913 998 1988 quali
1016 1915 1104 1988 pater
1121 1913 1185 1988 ipse

389 2003 526 2079 Iuppiter
544 2003 705 2062 auctiferas
724 2002 867 2062 lustravit
884 2001 997 2061 lumine
1016 1995 1131 2061 terras’

178 2123 191 2164 e
209 2155 215 2167 .
231 2157 237 2169 .
252 2153 259 2167 .
274 2109 415 2185 quoniam
431 2109 547 2173 Stoicus
567 2110 639 2170 dieit
656 2110 718 2170 vim
737 2110 793 2170 fati
812 2112 979 2170 asserentes
993 2109 1068 2168 istos
1083 2128 1119 2168 ex
1132 2108 1262 2168 Homero
1277 2129 1380 2170 versus

207 2198 303 2258 solere
317 2217 463 2275 usurpare
477 2244 484 2261 .
500 2242 507 2259 .
522 2245 544 2278 .,
563 2199 635 2277 quid
650 2199 782 2260 sentiant
801 2218 866 2259 esse
884 2199 982 2258 fatum
1001 2198 1189 2274 apertissime
1204 2198 1380 2273 declaratur,

207 2287 346 2363 queniam
363 2287 467 2349 Iovem
486 2290 654 2366 appellant,
680 2308 770 2364 quem
789 2307 938 2348 summum
957 2287 1045 2347 deum
1071 2290 1194 2364 putent,
1220 2305 1318 2364 eque
1336 2307 1379 2348 οο-

207 2377 364 2437 nexionem
383 2378 486 2438 dieunt
504 2379 634 2455 pendere
652 2379 793 2438 fatorum.

278 2475 322 2549 314
341 2475 392 2533 Οά.
412 2482 492 2532 (136
503 2495 543 2547 sq.

296 2592 386 2651 sehol.
405 2593 444 2651 ad
457 2592 546 2654 Hem.
559 2592 595 2652 Il.
609 2588 638 2652 Υ
655 2594 731 2652 127:
764 2586 823 2652 τὸν
840 2590 899 2651 τοῦ
918 2588 1041 2652 παντὸ(
1059 2585 1160 2663 λόγον
1174 2587 1265 2667 Ζῆνα
1282 2584 1418 2667 anteiit]

207 2673 277 2740 ἐπεὶ
299 2680 358 2741 τοῦ
382 2680 439 2756 ζῆν
463 2675 576 2756 αἴτιοι,
606 2675 672 2741 Δία
700 2678 735 2741 δὲ
764 2677 835 2742 ἐπεὶ
858 2676 910 2740 διὰ
933 2681 1051 2741 τοῦτον
1074 2676 1115 2740 τά
1137 2674 1255 2755 πάντα,
1285 2675 1379 2741 Αἱταν

206 2765 242 2828 δὲ
265 2765 353 2844 παρὰ
375 2767 414 2830 τὸ
438 2766 520 2831 δαίω
543 2768 581 2831 τὸ
605 2765 733 2846 μερίζω,
761 2767 812 2831 καὶ
836 2767 964 2844 Μοῖραν
992 2766 1043 2829 καὶ
1067 2765 1264 2843 Εἱμαρμένην
1296 2766 1381 2844 παρὰ

206 2854 243 2920 τὸ
266 2853 378 2932 μείρω·
405 2857 628 2935 Πεπρωμένην
652 2854 701 2920 ὅτι
725 2854 848 2920 πάντα(
871 2853 916 2918 εἰ(
946 2854 1047 2932 πέρα(
1074 2851 1158 2929 ἄγει·
1188 2852 1323 2932 Λάχεειν
1346 2855 1380 2919 δὲ

181 2942 297 3021 ιπαρά
319 2943 357 3007 τὸ
382 2943 515 3009 έκαετον
538 2943 713 3023 λαγχάνειν
731 2943 752 3006 ἃ
775 2944 884 3022 μέλλει
902 2941 1073 3007 πεί(ε(θαι·
1096 2941 1263 3020 Πρόνοιαν
1283 2944 1319 3007 δὲ
1339 2941 1382 3008 δι’

207 3029 253 3097 ὧν
282 3032 426 3111 εὐρύοπα
455 3037 546 3099 καλεῖ
573 3031 685 3097 αὐτόν·
720 3036 776 3110 τῆ(
804 3031 839 3095 δὲ
864 3029 1018 3110 Ἀνάγκη(
1047 3029 1256 3110 ἀπαραβάτου
1281 3031 1384 3097 αἰτία(

206 3120 301 3200 ούεη(
324 3123 420 3202 φητὶν
444 3120 617 3201 εάναγκαίη
640 3121 701 3200 γὰρ
725 3117 861 3196 ἐπείγει’
882 3118 950 3204 (Od.
973 3141 991 3184 τ
1012 3115 1082 3206 73)·
1117 3120 1225 3199 Τύχην
1248 3121 1284 3185 δὲ
1310 3120 1383 3186 οὐδ’

206 3208 292 3275 ὅλω(
315 3209 406 3277 οἶδεν
429 3211 448 3275 ὁ
472 3214 618 3291 ποιητήτ,
652 3209 679 3273 εἰ
702 3211 742 3288 μὴ
766 3208 806 3273 τὰ
829 3206 893 3273 άπὸ
913 3208 1034 3289 ταύτῃ(
1057 3208 1102 3273 ιὶι(
1124 3209 1162 3273 τὸ
1186 3207 1277 3288 ἱτύχε
1302 3212 1385 3276 κατὰ

208 3299 382 3380 (τεφάνη(’
407 3298 457 3387 (Il.
478 3302 502 3366 Η
525 3296 622 3385 1112).

294 3394 394 3455 Laert.
419 3394 506 3470 Diog.
526 3392 586 3451 VII
611 3392 687 3451 149:
734 3382 807 3451 καθ’
831 3385 1022 3467 εἱμαρμένην
1047 3388 1082 3452 δέ
1107 3407 1184 3467 φατι
1207 3386 1248 3451 τὰ
1277 3387 1424 3454 πάνταέὶ

206 3480 346 3556 γίνε(θαι
371 3480 554 3558 Χρύτιππο(
581 3476 617 3541 έν
645 3479 713 3539 τοῑ(
737 3476 810 3554 περὶ
833 3475 1021 3556 εἱμαρμένη(
1044 3477 1096 3539 καὶ
1119 3476 1338 3542 Ποτειδώνιο(
1354 3529 1383 3543 ..

205 3569 257 3632 καὶ
280 3570 396 3648 Ζήνων
420 3563 558 3652 (Βοηθὸ(
582 3566 617 3629 δὲ
633 3615 639 3628 .
656 3560 714 3651 ..·)
739 3563 802 3629 έττι
826 3562 859 3628 δ’
882 3564 1054 3645 εἱμαρμένη
1078 3564 1162 3631 αἰτία
1185 3569 1251 3631 τῶν
1275 3565 1384 3634 ὄντων

206 3657 354 3737 εἰρομένη
377 3659 396 3736 ἢ
421 3653 527 3734 λόγοι,
551 3651 625 3719 καθ’
649 3654 688 3720 ὃν
711 3653 730 3718 ὁ
753 3652 868 3733 κόεμο(
891 3653 1077 3731 διεξάγεται.

276 3768 293 3816 4
313 3760 478 3825 διεξάγεται·
507 3757 541 3813 ef.
561 3758 636 3813 Plut.
655 3757 690 3813 de
712 3757 821 3812 fatal:
857 3760 943 3825 νόμο(
967 3759 1119 3813 ἀκόλουθο(
1141 3764 1176 3827 τῇ
1200 3763 1252 3812 τού
1276 3762 1384 3815 παντὸ(

206 3835 295 3902 φύτει,
314 3832 380 3886 καθ’
398 3831 431 3884 δν
451 3831 603 3896 διεξάγεται
621 3831 657 3884 τά
675 3831 825 3896 γιγνόμενα
1286 3881 1288 3885 .

293 3963 412 4023 Nemes.
436 3981 499 4038 cap.
524 3965 565 4022 37
590 3955 632 4042 (p.
660 3954 813 4045 143)
841 3957 861 4035 ἡ
891 3957 1061 4037 εἱμαρμένη
1092 3955 1198 4035 εἱρμό(
1225 3977 1272 4021 τι(
1302 3957 1413 4039 adeun

207 4051 317 4115 αἰτιῶν
340 4047 547 4128 ἀπαράβατοι
567 4044 667 4134 (οὕτω
687 4048 748 4125 γάρ
768 4046 867 4127 αὐτὴν
886 4046 917 4110 οἱ
936 4046 1067 4111 (τωικοὶ
1085 4044 1269 4132 ὁρίζονται),
1289 4047 1382 4112 τοῦτ’

206 4139 269 4204 έττι
292 4137 378 4204 τάξι(
401 4138 452 4203 καὶ
475 4137 668 4202 ἐπιεύνδεει(
692 4135 946 4214 ἀπαράλλακτοτ.

295 4233 380 4292 Alex.
402 4232 438 4292 de
461 4228 555 4290 feto*
578 4249 602 4290 ο.
628 4233 645 4289 2
671 4222 714 4310 (p.
734 4232 752 4289 6
770 4220 818 4309 0.)
864 4224 955 4290 Ὅ(οι
978 4225 1120 4304 μὲνγὰρ
1144 4224 1251 4288 αὐτῶν
1275 4224 1381 4289 πάντα

277 4387 292 4422 *
306 4385 331 4441 V
345 4387 389 4440 est
403 4384 463 4440 eod.
473 4383 597 4438 Venetus
612 4381 751 4437 saeculiX
766 4380 802 4435 ab
816 4380 902 4436 Ivone
912 4381 1003 4436 Bruns
1019 4380 1146 4437 conlatus
1160 4383 1245 4449 atque
1260 4380 1379 4449 benigne

208 4477 318 4514 meeum
337 4455 572 4523 communicatus,
590 4454 615 4506 A
634 4456 678 4509 est
695 4450 799 4508 Aldina
816 4452 900 4523 prior.
