2856 4852
539 271 721 345 Chrysippea.
1149 269 1215 337 699

87 463 148 504 mus
179 445 325 520 quantum
353 443 496 503 tribuerit
523 442 699 503 divinationi
734 441 856 518 deoque.
905 443 984 518 apud
1012 441 1216 503 Alexandrum

88 555 120 592 m
134 535 264 611 legimus
283 526 354 610 (frg.
368 526 424 614 93)
444 527 550 593 πάντα
563 532 632 593 τοῖς
652 530 738 594 θεοῖς
753 525 873 591 δυνατά
888 547 984 607 φαςιν
1000 527 1090 592 εἶναι.
1112 535 1215 591 tamen

87 623 157 683 ilod.
173 624 210 682 de
225 623 252 682 d.
267 642 295 683 v.
310 622 400 682 beate
414 621 491 703 (VH
502 619 546 682 01
556 613 615 704 VI)
630 623 684 682 ccl.
701 624 730 695 7,
745 623 786 681 33
807 621 879 681 dicit
893 615 1046 681 πολλάκι(
1066 618 1102 680 δὲ
1124 616 1216 681 αὐτοὶ

87 708 272 786 ανατροπὴν
292 711 296 783 Ι
317 712 372 787 τῆς
400 709 541 788 νοήςεως
568 710 627 770 τοῦ
655 709 731 772 θεοῦ
760 710 969 784 ςυγχωροῦςι,
1005 703 1147 784 καθάπερ
1176 701 1225 791 tl

87 795 177 881 ivel)
205 796 387 875 Χρύςιππος
410 797 447 862 έν
469 801 538 861 τοῖς
562 794 664 879 (uslei
689 800 838 875 μαντικῆς
858 796 944 871 λέγει
964 797 1003 874 μὴ
1024 789 1215 881 oblectem)

87 907 97 951 ι
117 887 195 951 θεὸν
214 881 367 972 ditetur?
390 882 512 973 πάντ)α
536 884 588 949 διὰ
610 885 648 948 τὸ
673 881 747 964 μηδ’
766 882 853 963 ἔχειν
873 887 878 962 Ι
899 889 1054 966 ...haec,
1080 889 1216 948 etiamsi

87 998 116 1039 so
136 982 190 1038 aut
209 981 316 1039 saltem
334 980 447 1039 incerte
467 980 607 1056 suppleta
626 979 693 1054 siut,
713 981 814 1037 tamen
834 978 1040 1038 demonstrant
1058 977 1171 1054 aliquid
1185 977 1216 1037 in

87 1072 191 1128 estete
211 1069 334 1128 deorum
353 1087 413 1127 uon
431 1087 509 1129 esse:
529 1069 608 1146 quia,
626 1069 708 1142 puto,
728 1086 765 1126 uo
784 1067 828 1126 dii
845 1067 966 1143 quidem
979 1069 1131 1143 compotes
1146 1071 1217 1127 suut

87 1158 164 1217 mani
184 1158 302 1217 arbitrii
320 1177 417 1235 neque
436 1176 512 1234 quae
531 1157 608 1216 fiunt
625 1156 726 1216 omnia
743 1174 863 1216 necesse
882 1158 929 1216 eet
947 1157 1021 1216 fieri.
1048 1174 1108 1215 non
1121 1156 1217 1234 igitur

87 1248 153 1307 unit
170 1250 240 1323 post
259 1239 334 1322 μηδ’
353 1242 440 1322 ἔχειν
459 1247 621 1323 sententia,
641 1247 694 1305 sed
712 1245 895 1322 sequebatur
913 1245 984 1307 clim
1005 1245 1143 1306 debilitas
1164 1250 1217 1305 aut

87 1356 141 1395 um
169 1336 301 1396 omnium
329 1339 383 1395 aut
411 1336 549 1414 deorum3
574 1335 607 1394 hi
630 1335 710 1394 enim
732 1334 791 1411 ipsi
813 1353 909 1411 neque
932 1335 1007 1396 vitia
1031 1334 1216 1395 committere

87 1445 136 1502 pue
154 1425 352 1503 impossibilia
370 1425 469 1486 facere
488 1429 621 1502 possunt,
640 1423 671 1483 id
690 1427 737 1484 est
750 1423 804 1483 illa
817 1424 915 1484 facere
929 1426 1091 1500 nequeunt.
1114 1425 1217 1501 itaque

87 1515 187 1575 rcessit
206 1512 393 1592 Chrysippus
412 1515 476 1592 ipse
498 1514 687 1574 debilitatem
706 1512 839 1586 deorum,
858 1513 937 1589 quod
960 1513 1102 1590 exprimit
1124 1514 1162 1573 ab
1181 1533 1216 1574 eo

87 1607 120 1664 te
144 1603 314 1663 Alexander
338 1605 428 1681 paulo
454 1622 545 1681 supra
573 1596 645 1684 (frg.
661 1593 728 1684 93).
765 1603 830 1661 iure
853 1603 948 1679 igitur
973 1603 1174 1681 fragmentum
1199 1622 1217 1662 a

106 1712 167 1753 non
186 1700 339 1769 receptum
358 1694 437 1753 inter
456 1694 598 1769 reliquias
617 1695 735 1752 nostras
755 1694 808 1750 aut
822 1691 968 1751 librorum
983 1693 1020 1751 de
1035 1691 1217 1753 divinatione

87 1802 197 1842 merare
220 1785 306 1859 potes
331 1783 410 1859 quod
433 1783 551 1842 nomine
575 1782 684 1842 omisso
702 1781 894 1842 Philodemus
919 1781 1045 1841 tradidit
1063 1782 1094 1839 in
1113 1781 1217 1841 eodem

87 1891 117 1932 rc
142 1873 197 1933 col.
213 1874 275 1950 8,1
302 1868 352 1931 καὶ
375 1867 455 1932 κατὰ
479 1869 538 1947 τὴν
562 1863 634 1952 (τοῦ
658 1862 750 1951 θε)οὓ
775 1861 1015 1952 (προῖλρορὰέν
1039 1865 1217 1947 ἰδ)ιωτικῶς

87 1952 240 2043 ταν-)λτος
264 1955 351 2041 αὐτῷ
375 1956 508 2034 δύναμιν
533 1954 718 2034 ἀναθέντες,
743 1951 854 2042 (ὅμαν
878 1954 942 2020 ὑπὸ
969 1959 1036 2021 τῶν
1063 1951 1218 2041 ἐλλέγχων

87 2048 219 2125 ἷζωνται,
238 2045 312 2111 τότε
326 2045 584 2125 καταφεύγουςιν
598 2045 651 2111 ἐπὶ
669 2044 707 2109 τὸ
728 2044 732 2129 Ι
753 2044 806 2108 διὰ
823 2049 920 2109 τοῦτο
940 2043 1072 2124 φάςκειν
1091 2045 1131 2109 τὰ
1145 2064 1216 2110 ςυν-

86 2134 208 2213 τόμενα
233 2137 272 2215 μὴ
297 2140 416 2214 ποιεῖν,
447 2132 451 2219 l
478 2133 528 2200 ὅτι
552 2133 591 2199 οὐ
614 2131 721 2198 πάντα
743 2134 884 2199 δύναται.
921 2138 1063 2197 nimirum
1086 2158 1161 2215 quae
1186 2139 1218 2199 in

87 2228 212 2288 niuibus
232 2230 291 2288 sita
310 2231 380 2288 sunt
400 2230 472 2289 deus
490 2247 551 2289 non
569 2228 648 2288 facit.
686 2227 738 2288 scd
757 2228 793 2287 dc
812 2220 1012 2287 divinatione¹
1032 2229 1114 2288 satis.

129 2318 180 2377 Dii
203 2335 320 2394 semper
342 2336 436 2395 aeque
459 2318 530 2377 boni
554 2319 637 2394 suut3
670 2316 805 2378 homines
832 2316 904 2376 mali
927 2316 991 2376 fieri
1015 2319 1141 2392 possunt
1165 2319 1218 2377 sed

87 2429 95 2468 ι
114 2409 210 2484 culpe.
238 2426 297 2467 uon
315 2407 410 2484 igitur
427 2408 471 2466 ita
488 2407 654 2481 nascimur,
677 2410 711 2466 ut
734 2409 765 2467 in
785 2407 929 2465 mundum
950 2405 1022 2465 editi
1041 2406 1146 2466 statim
1165 2410 1218 2466 aut

87 2498 111 2556 ri
140 2500 193 2557 aut
220 2496 292 2556 mali
322 2496 414 2557 simus
443 2497 496 2557 sed
517 2497 675 2573 utriusque
703 2514 825 2574 capaces
855 2495 1085 2556 constitutionis.
1128 2514 1217 2572 porro

87 2605 268 2665 amcumque
298 2587 460 2664 selegimus
485 2587 561 2646 hanc
584 2589 684 2646 cetera
711 2586 742 2645 in
772 2585 836 2646 vita
863 2581 1000 2644 deserere
1028 2577 1216 2660 nequimus²t

87 2698 100 2735 1
128 2676 223 2753 igitur
251 2675 387 2752 singulas
416 2675 454 2735 ob
482 2676 613 2735 actiones
641 2676 730 2735 laude
755 2674 1013 2750 vituperationeve
1039 2692 1216 2750 apparemus

87 2767 124 2836 :ui
144 2766 197 2825 sed
214 2768 339 2841 propter
357 2764 532 2842 primariam
549 2764 635 2823 illam
650 2765 837 2841 electionem3
857 2763 898 2823 dii
911 2766 1050 2822 neutram
1064 2766 1217 2823 merentur

87 2856 181 2914 oniam
200 2856 338 2915 neutram
357 2855 489 2931 recipere
507 2857 671 2930 potuerunt
688 2857 828 2914 naturam
853 2854 904 2912 sed
923 2853 1151 2936 admirationem
1171 2873 1218 2913 as-

87 2945 184 3003 untur
206 2944 368 3004 hominum.
391 2976 426 2986 —
449 2944 523 3003 haec
545 2944 680 3003 doctrina
698 2935 791 3025 (frgg.
813 2937 1002 3025 rue—140)
1026 2943 1147 3020 egregie
1169 2942 1216 3002 fir-

87 3036 142 3092 tur
171 3036 201 3093 et
229 3033 380 3094 stabilitur
404 3052 497 3110 parvo
520 3033 690 3109 fragmento
714 3032 839 3092 alterius
867 3028 940 3107 περὶ
963 3027 1119 3107 προνοίας
1147 3031 1218 3092 libu'

87 3142 132 3182 rec
153 3114 240 3204 (24);
267 3123 387 3182 aliunde
405 3124 442 3181 de
462 3141 497 3181 ee
516 3122 612 3181 adhuc
630 3121 706 3180 nihil
724 3121 863 3181 innotuit.
900 3125 1001 3182 temen
1020 3121 1149 3198 vestigia
1168 3121 1216 3182 de-

87 3231 144 3286 sere
168 3215 254 3288 potes
282 3213 362 3288 apud
380 3212 537 3271 Philonem
561 3204 613 3288 (de
635 3211 738 3271 mundi
762 3211 877 3288 opificio
901 3232 930 3287 p.
945 3213 987 3271 46
1011 3202 1126 3292 Pfeif.):
1150 3209 1217 3272 τῶν

87 3318 149 3362 των
172 3296 212 3360 τὰ
235 3298 293 3375 μὲν
318 3296 393 3362 οὔτε
417 3295 532 3375 ἀρετῆς
555 3295 631 3360 οὔτε
659 3295 768 3361 κακίας
793 3297 916 3375 μετέχει
936 3295 1042 3375 ὥςπερ
1062 3297 1149 3375 φυτὰ
1167 3298 1218 3362 καὶ

88 3408 109 3451 α
128 3385 244 3465 ἄλογα,
268 3385 308 3449 τὰ
332 3387 389 3466 μὲν
412 3384 462 3450 ὅτι
482 3383 593 3465 ἄψυχα
611 3383 652 3449 τ”
667 3385 730 3449 ἐςτὶ
748 3384 800 3450 καὶ
819 3384 1011 3470 ἀφαντάςτῳ
1031 3387 1123 3464 φύςει
1142 3390 1217 3452 διοι-

87 3487 150 3554 ῑται,
168 3474 209 3539 τὰ
228 3472 260 3539 δ’
279 3473 327 3540 ὅτι
346 3480 426 3541 νοῦν
445 3475 496 3540 καὶ
515 3474 615 3552 λόγον
634 3475 818 3554 ἐκτέτμηται
835 3470 958 3561 (κακίας
978 3476 1013 3539 δὲ
1033 3476 1084 3538 καὶ
1102 3473 1217 3555 ἀρετῆς

106 3565 146 3630 ἂν
170 3563 257 3629 οἰκος
282 3569 359 3629 νοῦς
384 3565 435 3629 καὶ
454 3563 565 3643 λόγος,
590 3563 638 3629 οἷς
662 3562 754 3628 αὗται
779 3565 958 3643 πεφύκαςιν
981 3561 1217 3651 eversarum).

103 3653 137 3718 δ’
161 3653 201 3719 αὖ
220 3652 319 3732 μόνης
338 3653 569 3731 κεκοινώνηκεν
593 3652 707 3733 ἀρετῆς
731 3651 873 3733 ἀμέτοχα
892 3652 991 3733 πὰςης
1010 3651 1090 3719 ὄντα
1108 3654 1216 3720 κακίας

86 3766 147 3823 περ
167 3741 198 3808 ol
218 3740 358 3822 dertoec·
381 3741 471 3808 οὗτοι
489 3743 551 3822 γὰρ
570 3742 638 3827 Ζῷά
651 3740 685 3806 τ’
703 3741 785 3808 εἶναι
800 3744 949 3819 λέγονται
963 3743 1014 3807 καὶ
1028 3747 1096 3828 Ζῷα
1109 3742 1215 3823 νοερὰ,

87 3836 165 3898 λλον
189 3833 225 3896 δέ
250 3837 327 3898 νοῦς
351 3832 459 3897 αὐτῶν
485 3831 504 3897 ὸ
529 3832 658 3897 έκαςτος
682 3829 759 3897 ὅλος
783 3830 826 3896 δι’
854 3831 942 3897 ὅλων
966 3837 1140 3897 ςπουδαῑος
1165 3834 1217 3898 καὶ

114 3980 128 4026 1
148 3973 214 4028 Non
236 3971 315 4026 nullu
333 3973 368 4026 de
387 3969 507 4027 oraculis
526 3969 702 4026 aChalcidio
721 3971 827 4025 tradita
845 3986 967 4040 quonam
986 3971 1045 4025 iure
1061 3969 1215 4040 Chrysippo

87 4044 214 4100 dicanda
242 4042 300 4096 siut
326 4060 400 4098 nunc
426 4060 482 4098 non
511 4041 650 4111 quaesivi,
678 4042 842 4111 praesertim
865 4059 929 4097 oum
952 4042 1055 4096 rectius
1078 4040 1157 4095 libris
1181 4043 1216 4097 de

87 4116 217 4172 ‘medone
238 4115 283 4170 vel
303 4115 337 4169 de
357 4113 477 4170 oraculis
496 4114 611 4168 inseras.

111 4195 127 4243 2
145 4187 255 4242 Tamen
273 4185 431 4240 admittitur
454 4184 593 4255 exceptio,
617 4185 748 4254 quoniam
768 4184 889 4240 ebrietas
908 4186 937 4238 et
954 4183 1142 4238 melancholia
1160 4185 1215 4239 vir-

87 4279 99 4317 e
124 4260 239 4316 servate
262 4274 323 4314 esse
352 4275 408 4313 non
435 4257 564 4327 possunt,
593 4257 627 4311 cf.
646 4255 739 4312 Laert
754 4256 806 4310 VH
822 4262 885 4320 12⁷3
914 4255 1010 4325 itaque
1036 4256 1216 4325 reprehendit

87 4332 200 4388 ›xander
226 4330 272 4398 (de
291 4346 337 4383 an.
351 4329 378 4382 11
394 4329 468 4383 roob
483 4327 558 4398 Ald.)
582 4328 643 4382 οἶόν
666 4345 698 4383 τε
721 4331 773 4395 τὴν
800 4330 903 4396 ἀρετὴν
927 4330 1028 4395 ἔχοντα
1051 4329 1096 4381 καὶ
1120 4329 1150 4382 έν
1170 4333 1216 4398 λη-

87 4423 135 4475 ιγῳ
160 4404 208 4456 καὶ
232 4402 262 4455 ἐν
286 4400 451 4470 μελαγχολίᾳ
474 4402 519 4455 καὶ
542 4400 573 4454 έν
596 4400 724 4454 ςκοτώςει
747 4402 793 4454 καὶ
811 4401 841 4454 έν
859 4405 1006 4469 παρακοπῂ
1026 4400 1162 4470 γενέςθαι,
1186 4402 1216 4457 ἐν
1271 4443 1274 4447 -

97 4479 169 4532 ὄντα
189 4473 331 4528 ἀδύνατον
349 4474 414 4526 κατ’
432 4473 535 4540 ἀρετὴν
554 4471 682 4541 ἐνεργεῖν.
