2856 4852
533 650 874 730 PRAEFATIO

206 960 315 1020 Libros
340 959 502 1037 Chrysippi
529 959 644 1038 siquis
671 961 870 1020 restituturus
898 963 945 1020 est
971 961 1004 1019 id
1030 961 1157 1020 maxima
1188 979 1294 1022 cavere

114 1051 218 1125 debet,
238 1070 277 1110 ne
294 1051 384 1109 nimis
403 1049 583 1110 testimoniis
603 1053 634 1110 et
651 1049 788 1126 vestigiis
807 1049 923 1110 obrutis
942 1053 1054 1127 parcat,
1072 1051 1157 1112 velut
1174 1051 1292 1129 Bagae-

114 1143 183 1200 tum
212 1140 320 1199 fecisse
347 1140 453 1198 notum
482 1141 643 1216 astatque
666 1139 845 1215 exipsare
869 1139 1045 1214 explanatur
1073 1143 1103 1199 et
1127 1143 1294 1201 excusatur.

116 1228 309 1306 Chrysippus
324 1229 403 1288 enim
417 1247 484 1288 cum
498 1227 729 1288 innumerabilia
742 1229 805 1287 fere
824 1247 915 1304 opera
930 1228 1096 1288 condiderit
1109 1231 1141 1287 st
1159 1228 1294 1303 ediderit,

115 1319 273 1394 ingentem
291 1318 474 1394 farraginem
493 1337 528 1376 ex
547 1318 652 1377 alienis
670 1317 756 1378 libris
775 1318 921 1395 sociorum
941 1318 1182 1378 adversariorum
1200 1317 1294 1393 philo-

117 1408 282 1482 sophorum
301 1410 459 1482 poetarum
477 1406 509 1466 in
527 1425 596 1466 suos
616 1406 765 1467 derivavit
782 1406 909 1482 rivulos,
933 1410 1024 1484 atque
1047 1408 1138 1466 etiam
1157 1426 1212 1467 sua
1229 1407 1294 1483 ipse

119 1497 276 1572 exscripsit
296 1499 327 1555 et
344 1496 486 1572 repetivit
504 1496 588 1573 adeo,
607 1499 642 1556 ut
660 1496 691 1555 in
710 1496 844 1573 quolibet
858 1496 935 1555 libro
956 1497 991 1555 de
1006 1515 1125 1572 quaqua
1143 1515 1175 1555 re
1196 1496 1295 1573 egisse

118 1586 267 1645 videatur.
299 1585 382 1645 illam
401 1585 646 1645 consuetudinem
664 1586 780 1645 famosa
798 1577 917 1645 ‘Medea
931 1579 1103 1662 Chrysippi'
1118 1579 1167 1666 (L.
1184 1585 1220 1646 D.
1234 1585 1295 1644 VII
1348 1654 1351 1661 Ι

121 1667 200 1756 180)
216 1676 307 1750 atque
322 1674 491 1749 explanatio
506 1671 718 1750 ψευδομένων
733 1667 846 1756 (chler
859 1673 907 1733 ΠΙ
923 1666 957 1733 1³
970 1695 999 1750 p.
1015 1676 1079 1733 114
1090 1666 1147 1757 sq.)
1162 1677 1192 1734 et
1205 1693 1294 1751 argu-

120 1766 290 1823 mentorum
314 1782 455 1823 sensnum
478 1765 686 1823 auctoritatam
710 1763 911 1824 refellantium
935 1756 1009 1844 (Cic.
1034 1764 1086 1822 Ac.
1105 1764 1136 1822 H
1160 1766 1216 1839 27,
1236 1755 1295 1843 87)

121 1853 268 1929 illustrat,
291 1853 379 1912 huius
401 1853 446 1912 rei
468 1872 528 1913 non
550 1853 648 1912 minus
672 1853 810 1930 cognitae
835 1853 907 1912 satis
932 1853 989 1912 erit
1012 1852 1173 1928 specimina
1199 1870 1296 1928 pauca

120 1942 310 2018 adposuisse:
338 1940 470 2001 Calenus
492 1942 587 2001 tradit
608 1935 695 2021 (περὶ
717 1941 783 2002 τῶν
809 1942 866 2016 τῆς
890 1942 995 2016 ψυχῆς
1018 1936 1107 2014 ἠθῶν
1135 1961 1158 2001 c.
1183 1944 1222 2001 11
1250 1940 1295 1999 IV

121 2032 186 2089 820
206 2024 257 2110 K.)
276 2026 384 2090 πολλὰ
407 2028 465 2104 μὲν
489 2026 548 2091 οὖν
572 2024 641 2091 εἷπε
667 2027 848 2106 Χρύςιππος
872 2026 908 2091 ἐν
931 2031 1000 2090 τοῖς
1023 2028 1160 2102 λογικῶς
1183 2030 1294 2104 ζητου-

121 2117 228 2193 μένοις
248 2116 321 2194 περὶ
338 2118 405 2180 τῶν
424 2118 537 2181 παθῶν
555 2121 612 2194 τῆς
631 2120 736 2196 ψυχῆς
755 2113 969 2196 μεμψάμενος,
989 2114 1034 2178 ἔτι
1054 2116 1090 2178 δὲ
1109 2114 1210 2179 πλείω
1229 2119 1295 2179 τῶν

120 2205 157 2268 ἐν
185 2208 254 2268 τοῖς
282 2205 355 2283 περὶ
384 2207 553 2284 διαφορῶν
579 2208 646 2270 τῶν
674 2203 808 2284 ἀρετῶν.
850 2209 882 2268 in
909 2212 1017 2286 quarto
1045 2205 1118 2282 περὶ
1148 2208 1295 2268 δυνατῶν

121 2298 197 2357 libro
217 2297 361 2356 mundum
379 2298 411 2357 in
429 2298 527 2357 medio
547 2317 664 2375 semper
682 2299 796 2359 versari
814 2299 955 2374 probavit
972 2291 1065 2379 (Plut.
1081 2297 1118 2357 de
1132 2297 1190 2356 def.
1206 2297 1295 2357 oracl.

120 2406 144 2445 c.
165 2377 233 2467 28).
270 2387 374 2446 eodem
396 2387 559 2447 Plutarcho
582 2391 704 2447 auctore
728 2380 780 2467 (de
798 2407 860 2463 rep.
884 2387 974 2449 Stoic.
995 2406 1019 2447 c.
1040 2380 1074 2463 9)
1098 2381 1240 2460 καθάπερ
1265 2381 1296 2445 οἱ

119 2471 160 2534 τὰ
188 2470 375 2551 ψηφίςματα
401 2476 472 2535 ταῖς
499 2471 630 2537 πόλεςιν
659 2472 861 2561 εἰςφέροντες
897 2470 1140 2551 προγράφουςιν
1172 2469 1296 2550 ἀγαθήν

119 2559 221 2639 τύχην
235 2565 279 2624 ita
296 2566 349 2625 ille
366 2565 532 2643 praefigere
547 2567 665 2626 solebat
677 2566 764 2626 libris
783 2566 845 2625 suis
859 2561 918 2625 τὸν
933 2560 1007 2639 Δία,
1021 2562 1080 2639 τὴν
1095 2559 1296 2640 εἱμαρμένην,

120 2651 179 2728 τήν
203 2649 370 2728 πρόνοιαν,
393 2650 431 2713 τὸ
455 2651 639 2728 ςυνέχεςθαι
668 2655 722 2734 μιᾷ
749 2649 881 2729 δυνάμει
908 2650 966 2714 τὸν
994 2648 1111 2726 κόςμον
1135 2649 1193 2713 ἕνα
1216 2647 1296 2713 ὄντα

120 2739 172 2802 καὶ
187 2740 439 2819 πεπεραςμένον.
472 2745 545 2804 haec
560 2745 696 2820 exempla
715 2745 789 2804 satis
808 2747 911 2803 sunto:
930 2745 1055 2819 apparet
1073 2743 1238 2803 sententias
1257 2744 1296 2802 ab

120 2833 171 2892 illo
190 2831 338 2909 imprimis
361 2833 398 2892 de
421 2832 485 2893 fato
509 2836 540 2892 st
562 2833 750 2909 providentia
768 2833 901 2910 prolatas
926 2833 952 2892 si
970 2832 1179 2909 collegerimus
1197 2832 1296 2909 prieti·
1318 2880 1322 2885 .

120 2940 191 2981 nam
209 2921 369 2999 unicuique
388 2921 556 2998 fragmento
572 2923 673 2982 sedem
688 2923 860 2982 adtribuere
874 2941 928 2982 nos
942 2922 1031 2998 plane
1044 2921 1177 2998 nequire,
1194 2924 1296 2981 tamen

120 3011 150 3068 in
170 3010 257 3069 libris
276 3029 350 3086 quos
369 3010 405 3069 de
424 3011 498 3087 ipsis
518 3012 564 3071 his
585 3012 727 3072 doctrinis
746 3011 867 3088 proprie
881 3010 1049 3087 composuit
1062 3011 1134 3086 quid
1153 3010 1295 3084 docuerit,

120 3100 164 3157 ita
184 3099 318 3159 divinare
341 3103 431 3176 atque
455 3102 610 3160 enucleare
629 3120 731 3178 posse,
756 3104 791 3160 ut
809 3101 913 3177 paucis
936 3099 1072 3160 terminis
1090 3099 1196 3176 positis
1216 3102 1296 3160 totas

121 3188 289 3263 provincias
309 3186 478 3266 Chrysippo
496 3190 668 3250 reddituros
687 3193 780 3267 atque
797 3210 864 3250 cum
885 3189 978 3248 libros
1001 3184 1075 3263 περὶ
1098 3187 1195 3263 θεῶν,
1223 3184 1297 3263 περὶ

121 3272 239 3350 κόςμου
259 3278 333 3338 alios
352 3281 417 3337 tum
436 3275 509 3353 περὶ
528 3274 683 3353 προνοίας
702 3283 733 3339 et
751 3275 825 3354 περὶ
848 3273 1036 3354 εἱμαρμένης
1055 3279 1182 3354 scriptos
1201 3297 1296 3354 paene
1345 3296 1351 3307 ·

121 3367 317 3426 restituturos
332 3386 386 3426 nos
401 3386 466 3426 esse
482 3386 551 3444 spes
566 3369 613 3428 sit.
637 3387 733 3445 neque
748 3369 826 3428 enim
841 3368 906 3428 veri
919 3370 966 3427 est
980 3367 1077 3427 simile
1090 3367 1176 3426 illum
1191 3386 1295 3444 quam-

122 3455 166 3514 vis
190 3455 365 3531 saepissime
388 3459 501 3516 temere
525 3457 582 3517 sibi
600 3457 814 3518 contradixerit
837 3457 874 3516 de
893 3476 925 3516 se
944 3457 1104 3516 descivisse
1123 3458 1155 3516 in
1178 3475 1296 3516 summa

122 3544 270 3621 doctrina,
292 3564 389 3621 neque
412 3546 544 3604 animum
568 3566 636 3606 eum
658 3549 689 3606 et
709 3547 897 3631 disciplinam
916 3565 1057 3622 umquam
1077 3548 1210 3605 mutasse
1229 3566 1296 3622 pro-

121 3631 187 3691 bari
209 3635 319 3709 potest.
359 3634 451 3693 immo
475 3639 509 3694 ut
531 3636 596 3711 ipse
619 3654 721 3695 secum
738 3636 782 3696 ita
804 3638 870 3695 tota
892 3636 956 3694 fere
976 3633 1143 3695 Stoicorum
1161 3635 1295 3710 porticus

123 3722 194 3781 adeo
214 3741 282 3781 cum
296 3722 349 3782 illo
365 3723 439 3782 duca
454 3723 563 3800 stabat,
578 3728 614 3784 ut
627 3725 718 3785 etiam
732 3727 841 3786 omisso
856 3723 1016 3801 Chrysippi
1029 3712 1149 3783 nomine
1163 3725 1296 3784 alterove

122 3810 251 3886 quodam
269 3811 387 3888 prodito
405 3812 566 3890 ingenuam
583 3813 666 3872 illius
685 3814 853 3876 doctrinam
872 3832 960 3890 saepe
978 3813 1155 3889 proferrent
1191 3813 1243 3890 ita,
1263 3815 1296 3871 ut

122 3903 227 3958 notum
246 3903 301 3978 est,
319 3900 459 3962 Laertius
478 3901 628 3979 Diogenes
647 3905 717 3980 post
736 3904 860 3965 Zenonis
879 3903 973 3963 vitam
990 3903 1109 3978 placitis
1129 3901 1296 3962 Stoicorum

122 3989 297 4048 enarrandis
325 3991 414 4050 unius
442 3991 504 4051 lere
532 3990 693 4069 Chrysippi
722 3992 885 4054 sententias
916 3991 1063 4066 subdidit3
1095 3991 1233 4067 idemque
1264 3990 1296 4049 in

123 4079 226 4138 multis
246 4078 312 4137 Arii
331 4078 453 4157 Didymi
471 4083 503 4141 et
520 4080 601 4140 Astii
619 4082 710 4156 notis,
728 4082 759 4141 in
774 4084 883 4160 quibus
897 4081 1029 4141 universi
1044 4079 1137 4140 Stoici
1155 4080 1296 4139 adferun-

122 4171 173 4226 tur
191 4170 342 4244 auctores,
361 4169 477 4230 accidit.
504 4169 537 4228 hi
554 4171 636 4246 ipsos
654 4169 815 4248 Chrysippi
833 4171 927 4231 libros
945 4189 1005 4230 non
1022 4170 1176 4245 legerunt3
1195 4171 1297 4229 tamen

122 4257 199 4316 circa
222 4254 300 4316 DCC
325 4254 458 4333 Cornuto
480 4259 600 4319 relictos
625 4260 663 4319 ab
682 4259 719 4322 A.
737 4259 842 4322 Persio
860 4277 926 4318 esso
948 4257 1079 4318 traditur
1098 4251 1194 4339 (Suet.
1213 4259 1250 4318 de
1268 4280 1297 4320 v.

121 4346 162 4405 ill.
181 4367 211 4423 p.
233 4347 289 4423 74,
311 4347 351 4405 13
370 4340 429 4426 a).
469 4352 575 4424 postea
598 4349 727 4408 fortasse
746 4349 911 4412 Aristocles
930 4347 1150 4424 Lampsacenus
1170 4347 1297 4425 Stoicus,

172 4455 256 4496 rama.
269 4454 286 4496 r.
300 4454 367 4495 oua.
380 4455 463 4496 aanor.
487 4457 565 4508 Suppl.
581 4457 624 4498 aa.
644 4458 710 4498 xxv.
1048 4452 1082 4501 45
