2856 4852
196 252 260 317 ‘166
705 249 858 307 INDICES.

229 417 246 482 ή
271 415 349 469 ούεία
375 419 426 482 τῆ(
449 414 668 482 εἱμαρμένη(το
693 431 752 468 (υν-
841 413 1008 481 πυρωθέντα
1027 411 1206 478 μεταβάλλειν
1222 409 1260 464 εί(
1279 410 1372 479 αύγήν

229 491 362 553 ηρτῆεθαι
379 492 438 545 τοῑ(
451 486 574 553 πρώτοι(
587 486 622 539 τά
637 486 753 552 δεύτερα
843 484 948 554 [Philo]
967 502 995 537 π.
1016 484 1082 550 ἀφθ.
1102 501 1126 536 κ.
1146 501 1173 551 p.
1193 487 1255 550 254,
1274 487 1293 535 8

229 559 303 611 αἴτια
322 563 363 612 57.
389 556 423 611 cf.
443 557 536 624 εἱρμὸ(
554 557 658 610 αἰτιῶν.
686 558 752 623 ήέξ
807 557 993 623 ἐκπύρωει(
1013 561 1054 608 13.
1075 558 1116 610 15.
1138 560 1170 608 16

229 647 250 683 ε.
270 629 344 682 αἰτία
358 635 401 682 95.
431 632 448 695 ἡ
465 630 608 682 ἀκώλυτο(
624 633 682 681 τῶν
701 630 753 682 ὑπ’
808 629 924 681 έκτικὰ
939 627 1013 681 αἴτια
1024 632 1066 695 72,
1081 625 1116 681 cf.
1127 626 1293 692 (υνεκτικάε,
1307 642 1373 679 eon·

230 702 316 767 αὐτῆ(
329 701 484 766 γινομένων
499 700 622 766 ἐνέργεια
633 704 692 753 109.
714 699 753 764 γί-
843 698 936 753 ύὶοοοα

229 774 336 838 νεταιή
352 777 403 825 τοο
422 771 500 825 λίθου
520 769 689 837 κίνηειούπὸ
703 775 753 837 τῆ(
807 770 911 823 ἐκτὸε.
937 771 973 824 τὰ
992 771 1013 824 ἐ.
1034 770 1117 838 αἴτια,
1135 773 1310 834 περιεετωτα
1330 773 1374 834 73,

230 860 250 896 ε.
269 844 313 896 διὰ
331 848 383 896 τού
402 842 480 895 λίθου
497 846 548 894 112
562 841 580 893 l.
591 845 635 908 25,
653 842 688 894 τὰ
703 843 754 895 ὑπ’
843 840 877 894 cf.
898 843 1000 895 ἔξωθεν

230 917 317 979 αὐτῆ(
331 916 437 981 (αὐτῶν
452 913 525 980 cod.)
540 913 586 965 διὰ
599 917 657 966 τῶν
672 916 753 982 Ζῴων
808 913 992 979 ἐλέφαντε(
1011 916 1041 967 ἐκ
1061 914 1215 980 μυρμήκων
1234 913 1292 981 (οὐ)
1313 927 1376 976 γεν-

229 987 361 1050 γινόμενα
381 986 450 1038 κατὰ
468 987 521 1050 τὴν
539 989 598 1037 τῶν
612 986 694 1053 ζῴων
709 985 754 1053 ὁρ·
843 989 948 1037 νῶνται
971 990 1020 1038 141

230 1058 284 1124 μήν
301 1062 358 1109 109.
390 1056 454 1110 add.
475 1054 631 1110 animorum
646 1057 740 1109 nostro
808 1055 996 1120 ἐμπλέκειν.
1015 1056 1179 1122 ἐμπλέκεται
1188 1059 1281 1108 ταοτα
1291 1055 1377 1120 ἀλλή-

229 1145 291 1180 rum
314 1129 407 1180 motus
430 1125 478 1194 agi
500 1142 552 1194 per
575 1142 624 1179 nos
652 1127 753 1194 agente
843 1129 901 1180 λοι(
919 1131 953 1179 63

230 1196 474 1252 fatoGhalc.161.
494 1195 528 1251 ef.
548 1198 602 1250 διά.
622 1201 753 1251 manente
809 1197 1010 1263 ἐμποδίζειν.
1038 1197 1143 1251 ὁλίθο(
1158 1198 1275 1264 φέρεται
1295 1197 1376 1249 κάτω

231 1269 288 1322 feto
317 1267 425 1336 aliquid
449 1269 492 1321 est
515 1268 544 1321 in
568 1268 688 1322 homini·
712 1285 752 1322 er·
844 1270 962 1335 μηδενά(
976 1268 1173 1335 ἐμποδίζοντα(
1189 1273 1248 1335 112,
1269 1266 1306 1321 ef.
1322 1285 1378 1321 κω-

230 1338 483 1394 011110120125.
516 1342 533 1406 ἡ
558 1357 579 1393 ε.
601 1344 701 1406 χρῆται
718 1347 752 1408 τῇ
844 1341 918 1393 λύειν

231 1410 317 1480 οἰκείᾳ
331 1412 446 1466 πάντων
461 1412 541 1478 φύεει
556 1415 625 1464 7211.
640 1426 663 1462 ο.
689 1415 754 1478 χρῆ-
808 1412 957 1476 έμψυχο(
983 1413 1118 1477 ὁκόεμο(
1136 1417 1160 1464 9.
1182 1416 1223 1463 10.
1262 1411 1377 1479 Ζῷονὸ

230 1499 275 1535 ται
292 1487 372 1536 πάειν
392 1484 430 1536 ὼ(
447 1483 563 1546 γέγονεν
578 1483 692 1535 ἕκαετον
710 1485 754 1535 καί
844 1481 943 1547 κόεμο(
961 1484 1006 1535 καί
1024 1483 1136 1547 λογικὸν
1155 1485 1200 1535 καί
1214 1483 1236 1535 ἐ.
1252 1483 1300 1534 καί
1314 1498 1376 1534 νοε-

207 1567 210 1573 ·
230 1555 340 1621 φύεεω(
358 1555 413 1619 ἔχει
429 1559 488 1607 109.
511 1553 702 1625 περιείληπται
720 1555 754 1606 τὸ
844 1552 894 1618 ρόν
914 1558 938 1606 9.
958 1571 984 1620 ρ.
1001 1558 1061 1608 697.
1093 1555 1145 1620 ούχ
1163 1552 1192 1607 αί
1210 1554 1296 1607 αύταί
1316 1556 1376 1606 τιῖιν

229 1627 299 1692 παρ’
317 1628 388 1691 ήμᾶ(
406 1626 461 1679 ὑπὸ
480 1629 531 1690 τῆ(
549 1641 570 1678 ε.
593 1629 652 1678 104.
689 1625 753 1679 add.
844 1624 865 1676 ἐ.
886 1626 931 1677 καί
949 1625 1068 1691 ἀψύχων
1091 1626 1198 1693 φύεειε,
1223 1625 1292 1677 οὐδέ
1316 1629 1376 1677 τῶν

231 1695 307 1764 optio
331 1713 417 1763 penes
440 1695 596 1762 hominem,
619 1695 694 1762 quod
714 1713 752 1748 se·
845 1696 866 1748 ἐ.
886 1695 1020 1749 ἁπάντων
1039 1696 1067 1749 αί
1086 1695 1168 1749 αὐταί
1189 1700 1240 1748 112

230 1767 324 1834 quitur
360 1766 504 1835 optionem
541 1783 626 1835 penes
663 1765 754 1820 fabum
809 1767 986 1832 ἐνδέχεται
1015 1769 1048 1820 ού
1077 1769 1158 1834 φύειν
1186 1768 1275 1833 ἄλλην
1304 1767 1376 1819 εἶναι

231 1838 325 1892 Chele.
347 1844 405 1893 170.
444 1839 507 1892 add.
527 1836 590 1904 quis
608 1838 700 1892 melus
719 1839 757 1891 sit
845 1839 889 1890 καί
909 1839 1008 1892 ἄλλου(
1023 1839 1140 1904 κύεμου(
1153 1843 1196 1892 23.
1222 1838 1257 1890 τὸ
1273 1837 1375 1902 μέλλον

230 1908 340 1962 futurus
360 1911 410 1963 aut
427 1910 532 1976 bonus,
552 1926 642 1976 neque
661 1908 754 1963 decre·
844 1907 964 1972 γίνεεθαι
991 1910 1012 1963 ἐ.
1036 1912 1081 1963 καί
1109 1912 1145 1976 μὴ
1173 1908 1297 1975 γίνεεθαι
1323 1912 1374 1960 129

230 1981 291 2033 ἐμω
305 1996 395 2048 neque
409 1981 579 2048 imperatum
589 1980 682 2034 Chele.
696 1986 754 2035 163.
844 1977 863 2031 l.
883 1985 926 2032 23.
960 1982 1015 2047 πρὸ
1033 1986 1085 2035 τοο
1104 1984 1157 2047 τὴν
1176 1981 1282 2047 ἀρετὴν
1301 1979 1374 2046 ἐχειν

230 2068 297 2106 vere
315 2068 378 2104 cum
398 2052 558 2118 evenerint,
576 2051 636 2106 fato
656 2067 754 2105 evene·
845 2051 987 2116 ἐνεδέχετο
1020 2055 1064 2105 καί
1097 2055 1134 2119 μὴ
1161 2052 1289 2117 γενέεθαι
1317 2067 1373 2104 τοι-

231 2126 296 2176 runt
307 2127 347 2177 78.
367 2126 384 2190 ἡ
396 2139 417 2176 ε.
427 2123 519 2177 πάντα
528 2124 646 2191 περιέχει
656 2142 682 2192 p.
694 2128 754 2178 695.
846 2126 931 2175 ούτον
950 2122 969 2175 l.
984 2128 1018 2176 24

230 2195 322 2247 πάντα
340 2195 395 2248 ύπὸ
413 2199 464 2261 τῆ(
483 2211 504 2248 ε.
522 2195 697 2261 περιέχονται
712 2200 753 2248 86.
810 2194 1034 2258 ἐνδεχόμενον
1054 2196 1098 2247 καὶ
1117 2194 1240 2248 δυνατόν
1259 2197 1303 2246 83.
1333 2193 1374 2245 ἐν·

230 2266 322 2319 πάντα
339 2267 375 2319 τὰ
389 2267 458 2319 ὄντα
472 2268 518 2318 καί
529 2267 679 2331 γιγνόμενα
689 2267 755 2319 ύποῑ
846 2265 1013 2332 δεχομένωε,
1039 2267 1127 2318 οουίτ.
1148 2266 1175 2319 ἐξ
1195 2264 1321 2330 ἀνάγκη(
1340 2268 1371 2316 81

230 2337 355 2391 τάεεεται
373 2342 408 2405 τῇ
428 2353 449 2390 ε.
472 2342 521 2390 108
750 2338 753 2342 ’
810 2337 978 2403 ἐνέργεια,
997 2339 1014 2402 ἡ
1031 2338 1201 2404 καθ’ὁρμὴν
1214 2340 1275 2388 τῶν
1290 2337 1373 2404 ζῴων

196 2409 361 2474 εἱμάρθαι.
381 2408 700 2476 τὸείμαρμένονουερο.
720 2409 756 2461 τὰ
846 2431 880 2452 ==
898 2407 932 2459 τὸ
951 2408 1002 2473 ἐφ’
1019 2410 1084 2474 ημῖν
1105 2413 1164 2461 101.
1196 2407 1224 2460 αἱ
1250 2411 1302 2459 τού
1330 2407 1372 2459 τέ-

232 2480 281 2545 μέν
309 2478 435 2546 εἱμάρθαι
462 2480 498 2532 τὰ
526 2480 557 2533 δέ
580 2480 756 2546 (υνειμάρθαι
846 2494 946 2531 κτονο(
961 2479 981 2531 ἐ.
1004 2483 1054 2532 129
1073 2477 1091 2531 l.
1108 2484 1150 2532 81.
1188 2479 1306 2545 κινήεει(
1329 2479 1373 2530 καί

233 2555 285 2603 115
517 2568 522 2575 “
846 2551 867 2602 ἐ,
887 2551 917 2602 ἐν
935 2555 976 2618 τῷ
997 2551 1087 2619 κόεμιρ
1106 2549 1233 2613 γίνονται
1258 2549 1304 2602 διὰ
1322 2553 1374 2614 γῆ(

196 2622 310 2690 είρμό(
324 2624 369 2674 κάῖ
383 2622 459 2676 τάξι(
470 2627 511 2675 72.
531 2622 599 2676 ordo
615 2620 756 2688 seriesque
846 2623 903 2674 κτλ.
925 2626 975 2673 112
994 2619 1014 2673 l.
1029 2626 1062 2674 31

233 2708 379 2747 causarum
409 2698 451 2746 43.
495 2709 642 2748 causarum
670 2693 756 2747 series
811 2694 964 2758 ἐνεργεῖν
979 2693 1159 2759 --πράττειν
1174 2696 1216 2745 75.
1246 2692 1314 2745 καθ’
1329 2692 1374 2757 ὁρ-

232 2764 402 2832 sempiterne
415 2769 458 2817 34.
485 2780 506 2817 ε.
526 2766 581 2818 ἔ(τι
597 2769 655 2817 126.
683 2765 756 2831 ηεί-
847 2766 900 2829 μὴν
920 2763 941 2815 ἐ.
963 2768 1020 2816 101.
1043 2769 1102 2831 103,
1121 2764 1212 2816 ἄλλω(
1231 2767 1292 2815 101.
1322 2764 1374 2828 τὴν

233 2835 355 2902 μαρμένη
376 2851 397 2889 ε.
417 2836 479 2903 (uc)
498 2835 594 2888 αἰτιῶν
616 2836 756 2902 ἀπαράβα-
847 2835 874 2888 ἐξ
894 2836 1003 2886 ἑαυτῶν
1022 2837 1066 2888 καί
1085 2836 1151 2887 καθ’
1165 2835 1256 2900 ὁρμὴν
1271 2831 1375 2899 κίνηειν

232 2923 281 2960 το(
299 2911 342 2959 42.
362 2911 405 2959 56.
434 2906 497 2960 add.
519 2905 604 2959 series
623 2905 674 2959 illa
693 2921 757 2958 cau·
847 2905 874 2959 ἐξ
894 2904 1017 2971 ἀνάγκη(
1035 2922 1056 2960 ε.
1079 2911 1128 2958 112
1147 2905 1166 2958 l.
1181 2910 1224 2959 39.
1262 2909 1320 2958 πᾶν
1340 2905 1375 2957 τὸ

233 2995 328 3032 cerum
342 2976 514 3031 inevitabilis
527 2975 620 3030 Chalc.
634 2980 692 3030 175.
712 2980 757 3030 καί
848 2977 913 3028 καθ’
941 2976 1031 3042 ὁρμὴν
1062 2977 1210 3042 γινόμενον
1238 2976 1283 3028 ἐπί
1316 2981 1377 3028 τοῑ(

233 3050 396 3104 ἐπιεύνδεει(
420 3049 516 3104 αἰτιῶν
536 3065 557 3102 ε.
577 3050 625 3102 ἐπ’
643 3050 757 3115 ἄπειρόν
847 3048 938 3100 οὕτω(
966 3047 1124 3115 ἐνεργοῡείν
1151 3049 1205 3101 ἐετι
1227 3052 1286 3100 101.
1332 3047 1377 3099 τέ-

232 3123 287 3175 ἐετι
307 3125 350 3173 59.
384 3121 448 3174 add.
468 3120 495 3173 οἱ
515 3119 642 3174 (τωικοί
663 3120 757 3186 εἱρμὸν
848 3134 923 3171 κτων
944 3135 986 3172 τι(
1003 3119 1126 3184 γίγνεται
1145 3118 1277 3172 πολλάκι(
1300 3119 1378 3184 ἐνερ-

232 3192 329 3246 αἰτιιύν
345 3194 407 3259 (τὴν
426 3192 613 3259 εἱμαρμένην),
632 3192 758 3245 τουτέετι
847 3190 932 3255 γήεα(
949 3190 1000 3243 τὰ(
1016 3196 1068 3244 τοῦ
1086 3191 1218 3244 τέκτονα(
1236 3187 1380 3255 ἐνεργεία(

232 3265 310 3317 τάξιν
329 3264 373 3316 καί
393 3263 558 3316 ἐπιεύνδεειν
577 3263 758 3329 ἀπαράβατον
850 3259 933 3314 1221.
949 3266 991 3314 81.
1018 3264 1197 3328 ἐνεργούντε(
1215 3261 1251 3313 τά
1265 3276 1379 3327 (ωφρο-

233 3334 296 3387 Aet.
312 3335 322 3386 Ι
338 3339 381 3400 28,
396 3338 421 3387 4.
450 3350 467 3386 a
481 3333 546 3386 Iove
561 3333 677 3387 conexio
692 3350 758 3402 pen·
847 3333 909 3385 νικὰ
928 3332 1061 3398 γινόμεθα
1075 3334 1218 3400 (ώιρρονεε
1232 3329 1252 3384 1.
1267 3336 1313 3385 82.
1342 3331 1380 3385 τά

234 3405 284 3458 deb
301 3404 424 3459 fetorum
443 3409 477 3457 39
848 3404 898 3468 μέν
925 3407 983 3456 τῶν
1009 3407 1091 3473 ζῴων
1120 3405 1141 3458 ἐ.
1171 3404 1257 3468 μόνον
1282 3403 1321 3455 τά
1348 3403 1380 3455 δέ

198 3479 309 3544 εἴρειν.
348 3477 419 3530 ἔ(τιν
448 3476 596 3541 εἱμαρμένη
629 3474 757 3542 εἰρομένη
847 3474 963 3541 πράττει
978 3475 1124 3539 τάλογικά
1143 3477 1188 3527 καῖ
1202 3471 1381 3598 ἓτούτωνῖ)

233 3549 403 3601 τῶνόντων
423 3546 497 3600 αἰτία
516 3552 559 3613 41,
579 3544 707 3612 διοίκηει(
723 3547 758 3615 (ῖ)
848 3546 883 3599 τὰ
902 3547 952 3611 μέν
973 3546 1124 3612 ἁμαρτάνει
1142 3546 1213 3598 τὰύ
1242 3548 1380 3611 κατορθοῖ

235 3624 277 3673 46.
297 3618 432 3687 εἰρομένῳ
451 3619 526 3688 λόγῳ
546 3623 580 3671 48
849 3621 891 3670 54.
928 3615 954 3669 οἳ
974 3618 1023 3682 μέν
1042 3621 1208 3684 κατορθοο(ι
1225 3620 1286 3669 τῶν
1305 3619 1381 3680 λογι-

199 3692 254 3746 είε.
274 3691 314 3745 εἷ(
328 3693 345 3757 ἢ
361 3692 412 3744 δύο
427 3691 506 3755 μόνοι
520 3688 602 3755 (οφοί
618 3694 676 3742 131.
700 3694 758 3742 τῶν
849 3693 905 3741 κω(
927 3688 1119 3755 ἐνεργούντων
1142 3686 1169 3740 οἳ
1193 3687 1224 3740 δέ
1253 3687 1380 3753 ἁμαρτά-

235 3764 391 3829 ἀνθριύπων
410 3762 514 3825 ἀγαθά(
532 3761 606 3827 είεῆ
630 3761 759 3828 δεύτερα(
850 3775 926 3813 νου(ι
947 3764 1006 3813 139.
1034 3758 1068 3812 ef.
1087 3758 1196 3825 κίνηειε.
1234 3757 1300 3811 add.
1320 3758 1382 3810 eni-

237 3840 294 3888 136.
333 3833 479 3900 ἀγαπητὸν
507 3834 640 3885 eve-nou
668 3835 761 3897 λαβεῖν
851 3846 960 3883 morum
970 3831 1128 3884 nostrorum
1141 3825 1382 3897 metuengi(?)per

236 3907 397 3975 (ἄνθρωπον
428 3905 479 3958 τὰ(
511 3903 612 3971 ἀρετὰ(
648 3904 760 3970 ἔχοντα)
851 3918 901 3956 noe
921 3903 1023 3970 agente
1042 3899 1102 3955 fato
1123 3899 1217 3954 Chalc.
1239 3905 1288 3953 161

240 3983 290 4031 129
310 3977 328 4029 l.
343 3982 377 4030 66
816 3973 984 4041 ἐνέργημα
1002 3971 1140 4026 mentium
1156 3973 1317 4024 nostrerum
1332 3985 1378 4024 ae·

202 4049 390 4114 είεάγεεθαι
409 4048 482 4115 (οὐκ)
504 4044 628 4099 ἀναίτιόν
647 4061 710 4098 τινα
725 4043 762 4096 κί-
851 4043 942 4096 tiones
961 4049 1004 4097 31.
1040 4045 1074 4097 τὸ
1099 4045 1149 4111 ἐφ’
1171 4044 1237 4110 ἡμῖν
1260 4043 1332 4096 ἐετιν
1358 4044 1380 4096 ἐ,

235 4138 313 4187 νηειν
332 4124 374 4172 72.
395 4123 428 4172 75
852 4132 878 4168 τι
894 4121 952 4169 101.
978 4120 1038 4168 τῶν
1053 4116 1124 4169 ἐ.τὰ
1139 4115 1188 4179 μέν
1207 4114 1273 4167 καθ’
1288 4115 1382 4181 ὁρμὴν

201 4194 414 4259 εἰεφέρεεθαι
440 4188 637 4254 ἐκτενεετάτην
660 4191 761 4253 προθυ-
850 4187 886 4239 τά
904 4187 935 4239 δέ
954 4188 987 4239 ού
1008 4188 1073 4240 καθ’
1092 4187 1181 4252 ὁρμήν
1202 4190 1252 4237 101
1317 4205 1321 4213 ·

238 4264 300 4329 μίαν
315 4262 492 4327 καίεπουύήν
504 4265 562 4313 116.
582 4260 616 4313 τὸ
629 4259 761 4325 (υνεργὸν
815 4261 961 4323 ἐνεργῶ(
981 4257 1114 4326 [traditur
1133 4257 1269 4323 ἐναργιῖκ]
1291 4261 1325 4310 ’12

238 4335 326 4388 αἴτιον
346 4350 366 4386 ε.
387 4336 516 4399 βραχεῖαν
535 4331 652 4394 δύναμιν
672 4334 721 4381 141
816 4326 980 4384 ἐναντίοε.
992 4327 1381 4395 δεκτικ6(,ἀνεπίδεκτο(τιῖιν

202 4408 437 4474 ἐκπυροῦεθαι.
459 4402 524 4456 add.
539 4402 590 4454 τὸν
604 4401 705 4466 κόεμον
719 4401 761 4453 ἐκ·
803 4480 810 4487 ⁶
851 4401 872 4453 ἐ.
901 4404 959 4453 135.
997 4398 1105 4453 nullum
1135 4396 1309 4453 eontrarium
1338 4398 1383 4452 est
