2856 4852
466 253 620 311 INDICES.
817 268 821 274 ’
1069 255 1131 321 761

87 390 132 470 28.1
158 416 337 471 ἀνεπίδεκτον
361 417 521 484 ἁμαρτημά-

87 489 109 540 :o
128 492 202 541 θεῖον
223 492 273 541 140

611 420 704 472 essent
717 416 832 486 liberae,
853 417 877 470 si
891 417 1075 472 subderentur
1088 434 1134 473 ue-

611 487 734 543 cessitati
754 494 804 541 113

87 562 196 625 τλητο(
215 560 353 627 Ἀτροπο(
364 564 406 613 49.
427 559 521 614 omnia
575 562 783 627 άναιρεῑεθαι
803 575 884 628 saepe

87 629 273 698 npraeteritis
287 630 476 685 immutabilia
487 637 519 685 79
575 630 728 684 ἀναίτια(
755 629 855 698 κίνηει(
884 636 917 684 72
942 630 991 685 bis.
1022 637 1063 686 75.
1092 638 1133 686 76.

87 709 173 754 ίετο(
196 701 334 768 Ἄτροπο(
356 706 398 755 49.
436 703 470 755 τὸ
494 702 518 756 ἀ.

87 777 194 840 ερι(μοῡ
213 778 256 827 46,
290 775 315 826 ἀ.
335 773 364 826 αἱ
382 773 466 826 αίτίαι
485 779 520 826 45

87 847 171 899 lesu.
203 844 289 912 πέρα(
312 845 520 910 ἠναγκατμένον

87 914 101 966 ί.
121 917 339 979 καταναγκάζειν

87 992 153 1040 doc.
176 986 365 1040 necessarium
375 991 418 1042 84.
438 987 518 1041 natu·

87 1059 113 1110 et
136 1056 293 1111 necessaria
311 1075 403 1111 rerum
423 1074 517 1112 conse-

87 1127 109 1181 'a
128 1133 170 1182 30.
195 1128 268 1183 ratio
288 1129 425 1196 quaedam
443 1147 470 1183 n.
490 1130 519 1183 et

87 1200 156 1267 palis
180 1205 222 1253 30.
256 1217 368 1254 necesse
392 1202 436 1254 est
458 1199 519 1254 fato

87 1272 224 1324 ¹chensum
244 1271 281 1323 sit
299 1276 359 1326 120.
395 1288 451 1325 non
469 1287 517 1324 ne-

102 1342 188 1396 fuisse
222 1341 370 1410 Cypselum
402 1358 519 1410 regnare

87 1411 119 1466 111
139 1418 181 1466 82.
219 1419 253 1482 τῇ
278 1419 337 1466 τῶν
361 1418 434 1467 θεῶν
452 1431 518 1481 προ-

87 1485 137 1536 ,τὸ
152 1486 177 1537 ά.
194 1486 288 1538 ἕπεται
303 1491 345 1538 91.
372 1501 517 1538 necessum

87 1572 138 1609 ona
152 1557 182 1609 et
195 1555 280 1621 mala)
297 1555 428 1624 opposita
445 1556 518 1610 inter

90 1626 226 1680 onsistera
241 1633 283 1681 26.
312 1628 345 1679 τὸ
365 1628 391 1680 d.
410 1628 440 1680 ἐν
459 1633 518 1681 τοῖ(

87 1714 148 1750 ναι(
168 1700 230 1766 (οὐκ
244 1699 310 1766 ἔετι)
321 1703 364 1764 91,
384 1699 418 1754 of.
433 1699 516 1762 ἀνάγ-

87 1811 90 1821 .
115 1769 231 1836 (distat)
255 1774 298 1824 24,
336 1772 424 1824 contr.
453 1771 517 1822 ἀδύ-

102 1846 144 1894 76.
183 1842 211 1893 et
233 1857 315 1908 posse
343 1840 403 1894 fieri
426 1856 516 1907 neque

88 1909 210 1965 afuisse
230 1917 270 1965 82.
305 1912 369 1965 add.
390 1911 516 1965 delinitio

94 1982 126 2034 D.
136 1982 186 2035 VII
197 1987 239 2037 75.
255 1983 288 2035 cf.
299 1984 412 2050 ἀληθή(
433 1999 517 2036 causa

88 2070 104 2107 o
127 2053 222 2122 posita
245 2055 280 2107 ad
302 2053 516 2108 adsentiendum

87 2124 146 2178 aria
165 2128 208 2178 est
230 2130 280 2179 146

88 2237 93 2247 .
114 2195 274 2249 admittitur
288 2195 316 2248 in
335 2194 444 2264 logicis,
464 2193 515 2248 im·

87 2285 115 2320 ur
133 2266 163 2319 in
179 2265 408 2336 (metalphysicis.
437 2267 465 2321 ἐξ
480 2266 515 2334 ά,

99 2339 288 2403 ἐνδεχομένω(
307 2343 349 2392 81.
379 2335 413 2391 cf.
433 2337 515 2402 ἀναγ-

97 2411 127 2462 et
159 2411 271 2476 ἀληθήε.
314 2409 340 2463 ἀ,
364 2410 416 2462 οὐκ
441 2411 458 2475 ἡ
485 2411 516 2462 ἑκ

87 2483 131 2534 ιλλ’
150 2482 181 2534 ἑκ
204 2486 256 2534 τοῦ
276 2484 312 2547 μὴ
332 2481 463 2534 δύνα(θαι
481 2481 515 2534 τὸ

87 2553 166 2606 νῦτω(
194 2552 319 2618 πεφοκὸ(
345 2553 434 2605 ἄλλω(
456 2568 516 2605 πω(

87 2639 136 2688 γναι
166 2630 216 2676 112
241 2624 259 2675 l.
281 2628 322 2675 13.
364 2621 514 2676 necessitas

87 2697 177 2760 satur,
197 2693 341 2761 effugitum
366 2693 455 2747 tatum
473 2710 514 2747 re·

87 2784 95 2817 (
118 2771 176 2818 144.
210 2766 237 2820 ἐξ
257 2767 282 2818 ἀ.
303 2767 390 2819 contr.
410 2764 515 2831 ἀπαρα-

108 2838 174 2890 κα8’
201 2837 368 2903 εἱμαρμένην
398 2840 455 2889 114.
489 2835 513 2889 ἀ.

89 2925 119 2960 ο(
134 2906 208 2961 αἰτία
223 2909 267 2960 καί
282 2908 412 2974 βιαετική,
427 2907 514 2960 contr.

89 2980 137 3044 ένη
154 2984 213 3031 115.
233 2977 455 3032 formidaverunt
468 2993 515 3030 ne-

87 3051 152 3103 item
173 3048 261 3103 Stoici
282 3054 339 3102 113.
369 3049 403 3101 of.
419 3067 446 3117 p.
463 3053 515 3102 694

89 3122 166 3174 ατόν.
194 3122 230 3186 (ἀ.
246 3122 291 3187 47)
312 3120 337 3173 ά.
354 3119 428 3173 αἰτία
447 3119 515 3172 ἀπα-

87 3209 108 3244 ν(
118 3197 160 3245 40.
180 3192 376 3245 necessitatem
387 3190 439 3243 fati
450 3207 513 3243 con-

90 3262 196 3316 invitus
207 3267 330 3316 34=98.
351 3261 515 3328 d.=eluop-

90 3340 114 3387 0.
126 3339 168 3387 38.
180 3340 222 3398 49,
239 3333 273 3386 οί.
293 3340 336 3386 44.
365 3333 515 3386 necessitas

87 3447 101 3458 ..
128 3407 155 3458 ά.
174 3408 218 3457 καί
238 3405 387 3472 εἱμαρμένη
409 3409 451 3457 35.
472 3408 515 3457 44.

90 3478 138 3530 ὁὲν
152 3481 211 3529 τῶν
225 3477 363 3541 ἐωμένων
376 3474 514 3540 γίγνεεθαι

104 3549 129 3600 ἀ.
157 3549 247 3614 sivos,
279 3549 314 3614 ἣν
347 3546 514 3614 εἱμαρμένην

87 3637 111 3671 ιν
132 3625 174 3672 87.
208 3619 235 3673 ἐξ
255 3619 280 3671 ά.
299 3619 391 3671 πάντα
409 3617 514 3682 γίνεται

92 3732 97 3743 .
123 3695 164 3742 94.
204 3691 296 3743 πάντα
324 3687 422 3742 αίτίοι(
448 3706 514 3755 προ-

87 3779 130 3814 (ιν
158 3762 186 3816 ἐξ
213 3763 238 3814 ά.
268 3763 363 3814 ἕπεται
387 3765 429 3813 72.
466 3762 513 3827 ἠρ-

110 3833 138 3887 έξ
166 3834 191 3885 ά.
221 3831 317 3885 αἰτίων
342 3836 384 3885 72.
422 3832 513 3884 πάντα

109 3905 136 3958 ἐξ
160 3905 185 3956 ά.
206 3902 261 3956 έετί
283 3908 339 3956 105.
377 3902 402 3955 ά.
423 3901 512 3955 αἰτίου

87 3976 286 4043 ,ταβληθέντο()
314 3976 359 4026 καί
385 3974 454 4027 αὐτὸ
478 3975 513 4042 (ᾧ

87 4047 158 4113 τιον)
174 4048 244 4099 εἶναι
262 4051 319 4098 105.
349 4046 376 4098 ἐξ
391 4046 513 4110 ἀνάγκη(

87 4134 99 4169 ,ι
125 4119 175 4170 τὸν
204 4119 253 4182 μὲν
276 4120 376 4183 πρᾶξαι
404 4117 454 4168 τὸν
482 4117 513 4168 δέ

91 4192 115 4240 8.
160 4191 283 4241 mentem
315 4186 436 4242 hominis
464 4205 512 4239 ne-

87 4262 118 4312 te
147 4258 200 4312 fati
223 4258 346 4313 devincit
372 4264 406 4310 34
422 4263 511 4311 2:98.

87 4331 143 4384 stus
182 4329 339 4383 animorum
381 4327 513 4383 liberavit

87 4406 121 4455 18.
149 4403 260 4455 nostrae
279 4399 438 4455 voluntates
457 4417 512 4454 non

610 704 703 757 motus
730 700 789 756 sine
813 717 896 756 causa
921 707 962 757 76.
999 707 1051 757 aut
1072 703 1134 758 fato

609 773 703 827 omnia
730 773 800 826 fiunt
825 775 875 827 aut
901 772 1051 841 quicquam
1074 772 1134 828 fieri

608 845 704 913 potest
722 844 781 898 sine
801 860 885 898 causa
900 849 941 899 76.
973 845 1007 898 τὸ
1022 845 1048 898 d.
1063 846 1135 900 δλω(

609 917 787 984 ἀνύπαρκτον
812 921 854 970 67.
892 923 933 985 τῷ
959 917 985 969 d.
1009 919 1027 983 ἡ
1055 918 1135 984 φύει(

610 989 730 1052 βιάζεται
750 987 839 1056 (iocus
858 989 913 1056 est)
933 993 966 1041 67

574 1058 742 1112 ἀναιτίω(
762 1060 796 1112 τὸ
811 1058 837 1112 ἀ.
853 1064 894 1112 72.
914 1058 939 1111 ά.
957 1059 1043 1125 μηδὲν
1063 1060 1133 1126 μήτε

609 1132 679 1183 εἶναι
698 1131 767 1197 μήτε
785 1129 905 1195 γίνεεθαι
924 1134 967 1183 58.
983 1134 1024 1182 72.
1042 1134 1083 1184 73.
1101 1136 1134 1185 76

573 1200 773 1254 ἀναλίτκειν.
803 1203 819 1254 ὁ
845 1202 908 1255 θεὸ(
932 1200 957 1253 ἀ.
977 1200 1014 1254 εί(
1033 1202 1135 1254 ἑαυτὸν

608 1275 660 1339 τὴν
680 1274 788 1326 ductos
811 1272 905 1326 οὐείαν
925 1277 967 1326 17.
1005 1271 1042 1325 cf.
1072 1289 1135 1326 κατ-

608 1342 760 1397 αναλίτκειν

572 1412 784 1486 άμαλύεεθαι.
809 1415 847 1468 εί(
864 1419 920 1482 πορ
941 1412 1088 1481 αἰθερῶδε(
1107 1414 1134 1467 ά.

607 1486 699 1539 πάντα
718 1490 752 1538 16

572 1557 810 1621 ἀναπόβλητο(
834 1558 920 1624 ἀρετή
944 1574 972 1624 p.
992 1562 1043 1610 699
1062 1541 1132 1610 ¹cum

607 1627 670 1681 adn.
690 1633 715 1681 2.
752 1628 780 1681 ot
804 1627 900 1694 ἀρεταί
923 1629 968 1681 καί
992 1628 1020 1681 αἱ
1043 1627 1134 1682 κακίαι

609 1697 693 1752 1291.
710 1705 743 1752 10

571 1771 828 1836 άναπόδραετο(
847 1768 921 1824 αἰτία
940 1774 983 1836 42,
1002 1772 1020 1836 ἡ
1040 1769 1132 1838 είμαρ

608 1843 675 1906 μένη
695 1846 738 1894 47.
760 1846 811 1895 108

571 1912 837 1977 ἀναττοιχειοῦν.
857 1912 956 1978 τὸπῦρ
969 1910 1007 1965 εἰ(
1021 1912 1091 1966 αὑτὸ
1106 1912 1131 1965 ά.
1205 1898 1208 1903 ’

605 1987 658 2050 τὴν
678 1985 851 2050 διακὸ(μη(ιν
873 1988 904 2036 16

571 2054 718 2122 ἀνδρεία.
738 2054 872 2109 fortitudo
883 2053 1080 2123 (intellegitur)
1099 2071 1132 2108 ox

605 2124 736 2195 ignaviae
756 2124 933 2194 appositione
952 2129 987 2178 26

570 2197 803 2263 άνέκφεακτο(
822 2202 855 2250 47

570 2267 799 2322 άνεπίδεκτο(
820 2268 867 2336 [τὰ
881 2267 908 2320 ά.
922 2271 981 2320 τῶν
995 2266 1132 2320 ἐναντίων

608 2340 669 2407 135]
684 2341 700 2392 ὁ
715 2341 863 2407 ἄνθρωπο(
877 2339 909 2391 οὐ
925 2336 1020 2391 κακία(
1032 2339 1058 2391 ά.
1070 2343 1130 2392 133.

604 2413 658 2476 τὴν
682 2412 770 2478 ἀρχὴν
794 2413 811 2476 ἡ
836 2415 894 2463 τῶν
913 2413 987 2463 θεῶν
1006 2409 1085 2475 φύα(
1103 2411 1128 2463 ἀ.

606 2483 666 2548 (τοῦ
686 2480 839 2548 χείρονοά)
860 2485 920 2534 132·
957 2479 982 2532 ά.
1008 2480 1130 2546 ἁμαρτη-

605 2554 701 2618 μάτων
723 2553 757 2605 τὸ
781 2557 856 2606 θεῖον
881 2556 940 2604 140.
979 2550 1016 2619 [ά.
1043 2557 1129 2605 κακοῦ

605 2625 718 2677 ἕκαετο(
735 2628 793 2676 τῶν
813 2623 936 2689 ἀττέρων
954 2639 981 2690 p.
1003 2623 1065 2689 700]

570 2697 756 2762 ἄνθρωπο(
790 2695 815 2746 d.
840 2695 867 2748 ἐξ
893 2694 918 2745 ἀ.
938 2692 980 2745 ἀεί
999 2698 1131 2756 γεννᾶται

607 2770 664 2818 141.
693 2765 764 2818 κατὰ
783 2766 863 2831 φὺαν
878 2765 903 2817 ά.
919 2765 946 2818 ἐξ
962 2765 988 2816 ά.
1006 2762 1130 2829 γίγνεται

604 2842 646 2889 52.
676 2838 701 2889 ά.
721 2836 872 2902 άνθρώπου
892 2835 981 2888 αἴτιον
1000 2837 1070 2888 εἰναι
1086 2841 1129 2889 61.

605 2906 731 2980 homines
755 2907 859 2960 morbis
883 2904 998 2960 obnoxii
1021 2910 1063 2960 28.
1102 2907 1130 2959 αἱ

604 2981 663 3032 τῶν
683 2978 708 3031 ά.
727 2979 801 3031 νό(οι
816 2977 887 3030 κατὰ
901 2978 983 3043 φύαν
997 2980 1041 3030 28.
1070 2992 1129 3031 eor-

603 3065 674 3118 pora
687 3048 832 3103 hominum
847 3052 890 3101 28.
910 3049 936 3100 ἄ.
952 3049 996 3100 καί
1010 3048 1046 3101 τὰ
1060 3049 1129 3102 ἄλλα

605 3125 671 3190 Ζῷα,
691 3119 725 3174 οί.
740 3123 821 3188 Ζῷον.
841 3118 961 3172 mundus
975 3117 1022 3171 dei
1037 3121 1066 3172 et
1078 3116 1128 3172 ho-

604 3189 711 3244 minnm
731 3207 816 3244 cansa
834 3188 992 3256 institutus,
1012 3191 1128 3259 psopter

603 3261 730 3316 homines
750 3267 792 3316 26.
830 3262 929 3326 κό(μο(
954 3261 1075 3327 (ύττημα
1098 3262 1128 3314 ἐκ

604 3339 677 3387 θεῶν
702 3335 747 3386 καί
770 3333 795 3387 ά.
821 3335 865 3385 καί
888 3332 940 3399 (ἐκ)
964 3336 1023 3384 τῶν
1048 3334 1128 3386 ἕνεκα

603 3406 715 3458 τούτων
742 3405 903 3468 γεγονότων
933 3407 974 3456 17.
1002 3407 1044 3455 18.
1083 3404 1128 3456 διὰ

604 3477 666 3544 (τὸν
685 3477 722 3545 ά.)
741 3476 832 3535 πάντα
852 3475 939 3527 τᾶλλα
957 3474 1070 3537 ἐγένετο
1090 3475 1128 3528 ὡ(

604 3548 798 3600 (υντελέεοντα
811 3546 881 3612 πρὸ(
894 3547 947 3610 τὴν
961 3545 1065 3597 τούτου
1078 3561 1127 3597 (ω-

603 3618 702 3685 τηρίαν
724 3623 782 3671 136.
821 3618 857 3684 [ἄ.
882 3619 956 3684 Ζῷον
979 3615 1128 3682 έπιαήμη(

604 3690 729 3742 δεκτικόν
750 3689 811 3755 136]
831 3687 895 3741 αάά.
928 3687 954 3738 ά.
973 3686 1028 3739 ἐ(τι
1054 3688 1127 3755 ζῷον

603 3761 715 3824 λογικὸν
734 3760 838 3825 θνητὸν
854 3762 906 3811 νοῡ
921 3759 966 3810 καί
980 3757 1128 3824 ἐπιετήμη(

604 3832 728 3885 δεκτικόν
739 3831 813 3884 Sext.
829 3828 890 3883 adv.
906 3827 993 3882 math.
1005 3827 1056 3881 VII
1066 3832 1126 3881 269.

603 3902 637 3956 cf.
664 3902 798 3968 δεκτικόε,
826 3901 1007 3967 ἐπιδέχεωαι,
1036 3899 1127 3953 ἀνεπί-

604 3975 710 4034 amoc.
734 3972 762 4025 in
772 3971 880 4025 naturis
890 3969 1034 4024 hominum
1045 3969 1125 4023 dissi-

602 4043 776 4097 militudines
800 4045 866 4096 sunt
889 4047 931 4096 65.
967 4046 1027 4094 τῶν
1051 4043 1076 4094 ἀ.
1100 4041 1127 4095 οί

603 4118 722 4169 alateum
745 4113 836 4181 κακοί,
862 4111 1127 4179 μαίνονταεὸμοίω(

603 4188 705 4240 πάντε(
723 4189 795 4251 πλὴν
814 4190 864 4238 τοῡ
884 4189 973 4250 (οφοῡ
990 4188 1048 4238 136.
1066 4189 1125 4239 137.

603 4259 637 4310 οὐ
660 4259 727 4311 τοὺ(
749 4257 855 4310 πάντα(
878 4256 944 4309 οὐδὲ
964 4256 1032 4308 τοὺ(
1053 4254 1126 4309 πλεί-

603 4345 683 4383 (τουε
701 4330 811 4395 ὁρῶμεν
829 4327 879 4380 τὰ(
897 4325 997 4393 ἀρετὰ(
1011 4326 1127 4392 ἔχοντα(

605 4401 688 4453 1291.
705 4404 746 4453 64.
773 4399 825 4464 οὐχ
844 4397 905 4451 οἱόν
923 4413 954 4450 τε
968 4396 1019 4451 τὸν
1033 4398 1059 4451 ά.
1073 4400 1126 4464 τὴν
