2856 4852
113 273 176 340 γαρ
569 230 840 332 nauseantem

111 443 177 506 τῶν
197 442 344 506 δυνατῶν
363 439 508 518 γενέεθαι
527 437 761 520 κατηλπίκαειν.
798 439 831 507 ἐξ
850 437 890 505 οὗ
915 437 1074 520 ευμβαίνει
1093 437 1131 504 τὸ
1151 439 1210 519 τὴν
1230 438 1289 519 μὲν

112 534 178 597 τῶν
197 528 328 608 ἀγαθῶν
347 529 581 609 προαγόρευειν
600 531 641 609 μὴ
660 528 830 595 ἐπιτείνειν
850 528 934 595 πάνυ
958 550 988 593 τι
1011 530 1069 610 τὴν
1094 528 1198 608 χαρὰν
1222 523 1288 614 (διὰ

110 620 149 685 τὸ
174 619 225 684 καί
249 618 346 699 χωρία
370 625 426 699 τῆε
450 618 716 698 προαγορεύεεωε
739 619 872 685 ἐκαετον
896 619 929 686 ἐξ
953 619 1069 683 ἑαυτοῦ
1093 618 1133 681 τὰ
1156 617 1287 697 κρείττω

112 707 307 794 προεδοκᾶν)
327 711 346 789 ἢ
366 707 422 773 ἐπ’
440 707 552 786 ὀλίγον
571 707 740 774 ἐπιτείνειν
763 714 801 793 τῇ
826 708 962 792 δοκούεῃ
990 706 1183 790 βεβαιότητι,
1210 710 1287 771 πολ-

42 815 46 821 ’
112 798 200 865 λάκιι
227 799 262 863 δέ
289 798 341 863 καὶ
360 802 470 876 μειοῦν
495 799 554 877 τὴν
580 795 696 876 χαράν,
727 795 807 863 ὅταν
832 795 957 862 ἐλάττω
983 800 1050 862 τῶν
1074 796 1289 862 ἐλπιεθέντων

111 887 261 972 ἀκουεθῇ·
280 888 338 965 τὴν
357 888 393 951 δέ
410 890 476 951 τῶν
495 890 602 952 κακῶν
616 885 850 966 προαγόρευειν
866 884 931 972 (καὶ
946 885 998 950 διὰ
1012 886 1050 951 τὸ
1065 884 1289 964 ἀπόετρεπτον

113 978 220 1042 αὐτῶν
239 976 332 1056 φύεει
351 975 402 1040 καὶ
422 975 479 1041 διὰ·
494 976 532 1040 τὸ
552 974 632 1054 παρ’
656 975 789 1041 ἐλπίδα(
813 975 916 1041 ἐνίοτε
941 970 1167 1060 προλέγεεθαι)
1193 973 1288 1053 μεγά-

113 1071 177 1132 λω(
197 1064 429 1144 ευνταράττειν.
466 1069 539 1130 haec
564 1068 602 1129 ad
625 1069 822 1130 refellendum
849 1069 1054 1139 adversarium
1078 1069 1155 1127 nihil
1173 1069 1289 1128 valent:

103 1159 268 1238 'quaeritur
298 1160 376 1219 enim
405 1179 477 1218 num
505 1158 687 1220 divinatione
711 1159 865 1235 procurari
887 1159 1026 1235 flectique
1050 1158 1167 1235 possint
1195 1157 1290 1216 immi·

112 1249 224 1326 nentia,
242 1267 302 1308 non
321 1249 422 1325 agitur
442 1249 478 1308 de
497 1267 590 1325 parva
607 1249 762 1324 voluptate
778 1267 814 1308 ex
828 1248 1020 1325 praesciendo
1035 1246 1169 1308 oriunda.
1188 1247 1291 1323 itaque

113 1358 149 1398 ex
172 1357 227 1398 sua
251 1356 359 1398 suaeve
383 1338 503 1398 scholae
527 1337 663 1397 doctrina
686 1337 890 1416 Diogenianus
914 1328 984 1418 (aut
1006 1337 1073 1398 fons
1096 1327 1193 1415 illius)
1218 1337 1292 1396 haec

112 1427 236 1505 addidit,
255 1427 363 1503 quibus
383 1427 525 1502 probaret
543 1445 641 1503 neque
659 1426 738 1487 bona
756 1446 852 1505 neque
866 1428 947 1486 mala
960 1426 1111 1503 praescire
1125 1426 1200 1484 utile
1216 1444 1291 1486 esse.

112 1518 186 1577 haec
204 1535 275 1577 vero
294 1517 360 1575 tota
378 1515 529 1590 doctrina,
552 1514 699 1592 imprimis
723 1515 759 1576 de
778 1516 997 1593 exspectatione
1016 1516 1161 1577 bonorum
1179 1533 1293 1592 magna

112 1624 207 1684 parua
220 1606 368 1666 malorum
383 1605 478 1682 deque
492 1604 624 1664 naturali
638 1605 676 1664 ad
690 1605 769 1665 bona
783 1605 940 1684 dulciaque
951 1605 1098 1665 affinitate
1106 1595 1291 1686 (οἰκειῶεει)

113 1713 235 1772 prorsus
254 1694 469 1770 Epicureorum
488 1697 542 1767 est,
563 1713 581 1753 a
600 1693 708 1770 quibus
727 1694 800 1755 alibi
820 1687 864 1775 (4,
879 1697 910 1755 4.
926 1697 976 1754 10.
998 1696 1048 1754 16.
1068 1695 1098 1768 3,
1119 1685 1175 1774 25)
1198 1687 1292 1767 ἐνάρ-

113 1800 205 1856 γειαν
225 1803 342 1860 quoque
362 1783 497 1859 sumpsit.
1074 1849 1078 1857 Ι

202 1872 318 1933 Deinde
337 1872 540 1950 Diogenianus
560 1872 627 1933 aliis
647 1873 801 1932 recensitis
820 1872 1005 1948 philosophis
1025 1871 1228 1949 Chrysippum
1248 1891 1293 1930 re-

113 1962 292 2023 vincendum
316 1979 476 2039 aggressus
502 1965 549 2022 est
568 1980 652 2022 suam
672 1963 735 2022 sine
754 1962 843 2022 dubio
863 1963 900 2022 de
919 1962 998 2021 fatu
1018 1961 1198 2022 sententiam
1216 1963 1290 2020 tam·

22 2061 27 2070 '
115 2070 206 2128 quam
224 2051 361 2110 ultimam
380 2069 530 2128 unamque
548 2070 650 2112 veram
670 2052 868 2128 expositurus.
901 2051 933 2109 in
951 2052 1006 2111 hoc
1025 2070 1113 2127 quem
1133 2053 1291 2110 secuturus

116 2140 156 2200 sit
170 2143 324 2200 auctorem
338 2141 423 2200 nobis
437 2159 496 2200 non
511 2139 594 2215 dixit,
613 2141 689 2200 dixit
702 2141 734 2201 in
752 2140 981 2202 divinatione
1001 2139 1089 2200 simul
1105 2140 1292 2215 explananda

114 2221 160 2310 (4,
176 2222 232 2310 29)
255 2221 338 2288 ἀλλὰ
361 2225 433 2303 περὶ
452 2226 510 2305 μὲν
529 2229 592 2290 ’τοῦ
615 2227 656 2305 μὴ
681 2224 865 2290 ευνεετάναι
888 2229 985 2290 τοῦτο
1010 2225 1292 2304 ὃπροειλήφαμεν
1329 2288 1334 2301 ,

115 2317 226 2379 καλεῖν
245 2314 396 2393 μαντικὴν
410 2314 446 2378 ἐν
464 2312 574 2378 ἄλλοι(
589 2311 800 2394 ἀποδώεομεν
815 2315 1031 2393 πληρέιτερον
1045 2314 1292 2392 παρατιθέμενοι

114 2404 159 2468 τὰ
176 2401 385 2486 Ἐπικούρῳ
405 2403 464 2466 καὶ
484 2403 572 2482 περὶ
590 2403 731 2468 τούτου
750 2407 953 2469 δοκοῦντα.
988 2408 1054 2484 quis
1073 2407 1200 2481 dubitat
1221 2407 1292 2483 quin

115 2497 194 2557 idem
213 2495 327 2556 arbiter
344 2496 437 2556 fuerit
454 2497 509 2556 fati
528 2484 740 2557 abiudic'andi‘?

204 2585 339 2660 Denique
348 2585 474 2645 tertium
489 2589 632 2662 sequatur
642 2587 847 2647 testimonium
862 2586 1047 2646 extrinsecus
1058 2585 1196 2662 petitum.
1221 2585 1292 2644 Plus.

116 2677 170 2737 Pa
184 2674 228 2734 IV
243 2695 271 2751 p.
288 2674 388 2734 139ss
406 2676 573 2751 proclamat
592 2671 627 2736 ειί
641 2692 679 2749 γε
694 2674 755 2752 μὴν
770 2671 857 2750 παρὰ
872 2675 977 2755 (αυτῷ
997 2671 1117 2748 εκέψαι,
1137 2672 1207 2733 πῶε
1221 2669 1292 2735 Ἕλ-

116 2765 211 2841 ληνεε
231 2757 323 2824 ὄντε(
343 2760 394 2823 καὶ
413 2761 471 2839 τὴν
485 2759 647 2840 Ἑλλήνων
667 2761 850 2841 εύντροφον
869 2759 1017 2824 παιδείαν
1032 2759 1067 2823 ἐκ
1082 2759 1157 2823 νέαε
1171 2758 1294 2836 ἡλικίαι

116 2847 303 2929 κτηεάμενοι
328 2847 368 2911 τά
391 2869 426 2912 τε
453 2847 570 2928 πάτρια
589 2850 662 2928 περὶ
680 2853 765 2914 θεῶν
784 2848 917 2913 πάντων
941 2850 1064 2926 μᾶλλον
1083 2847 1294 2923 διεγνωκότεε

116 2936 357 3018 Ἀριετοτελικοί
377 2935 496 3002 πάντεε
517 2938 641 3003 Κιίνικοί
659 2958 694 3003 τε
714 2939 764 3002 καὶ
784 2936 990 3016 Ἐπικούρειοι
1010 2936 1060 3001 καί
1079 2935 1148 3000 deor
1166 2936 1295 3001 τούτοιε

116 3027 299 3108 ἐφρόνηεαν
328 3026 369 3091 τὰ
394 3029 598 3107 παραπλήεια
626 3030 691 3092 τῶν
720 3023 799 3106 παρ’
824 3025 934 3093 αὐτοί(
963 3025 1092 3105 Ἕλληει
1120 3026 1296 3106 βοωμένων

117 3117 275 3198 μαντείων
294 3117 519 3193 κατεγέλαεαν.
550 3121 670 3180 eosdem
684 3119 835 3196 componit
851 3140 880 3196 p.
897 3122 959 3194 136
971 3119 1011 3179 B:
1032 3114 1062 3180 ol
1077 3112 1142 3179 ἀπὸ
1157 3112 1295 3193 Ἀρκτο-

116 3209 230 3273 τέλουε
250 3206 302 3270 καὶ
321 3205 440 3272 πάντεε
459 3205 490 3271 ol
510 3210 640 3286 καθεξῆε
664 3209 722 3270 τοῦ
745 3204 923 3284 περιπάτου
945 3203 1070 3270 Κυνικοί
1088 3224 1123 3268 τε
1142 3205 1194 3268 καὶ
1212 3201 1296 3269 Ἐπι-

116 3296 269 3375 κούρειοι,
298 3296 355 3360 οὓ(
379 3295 430 3359 καὶ
454 3294 586 3374 μάλιετα
614 3293 717 3372 ἐγωγε
746 3294 916 3374 ἐθαύμαεα.
952 3301 1055 3358 tamen
1082 3299 1138 3357 hoc
1162 3297 1193 3355 in
1217 3298 1297 3359 libro

118 3411 211 3450 unum
230 3390 330 3449 adfert
347 3389 580 3465 Diogeniauum‚
603 3391 667 3447 tres
690 3391 826 3448 auctores
849 3389 882 3447 in
905 3390 989 3447 sexto
1015 3388 1134 3447 demum
1157 3385 1238 3446 libro
1258 3389 1298 3447 ad

119 3480 274 3557 superiore
291 3480 335 3539 ita
353 3477 515 3554 respiciens
535 3470 579 3556 (p.
595 3479 657 3538 273
670 3471 726 3558 Al:
747 3473 797 3536 καὶ
815 3476 882 3538 τῶν
901 3473 959 3551 μὲν
978 3468 1067 3558 (καθ’
1080 3472 1161 3551 aaut
1175 3471 1297 3551 δογμά-

118 3563 198 3649 των)
229 3564 310 3643 πρὸ(
338 3563 413 3627 τοὺε
441 3561 610 3639 γενναίου(
639 3562 796 3640 χρηεμοὺε
823 3561 1036 3640 κυνικώτερον
1064 3559 1298 3628 ἀποταθέντων

120 3659 186 3721 τῶν
205 3654 241 3719 δέ
261 3652 345 3732 πρὸ(
364 3652 439 3716 τοὺ(
458 3652 656 3730 θαυμαετοὺε
676 3648 877 3729 φιλοεόφουε
896 3651 984 3730 παρὰ
1003 3653 1069 3716 τῶν
1088 3649 1197 3715 αὐτοῖε
1212 3671 1297 3727 γνω-

121 3744 221 3825 ρίμων
241 3741 485 3821 ἀντειρημένινν.
518 3744 550 3804 hi
568 3748 631 3805 tres
650 3747 720 3804 suut
739 3741 908 3805 Oenomaus
923 3743 1061 3822 Cynicus,
1079 3743 1298 3823 Diogenianus,

122 3837 293 3898 Alexander
310 3833 535 3910 Peripateticus.
572 3834 675 3910 itaque
697 3837 836 3894 nostrum
860 3838 894 3894 ut
916 3834 1047 3894 nobilem
1072 3832 1221 3910 quendam
1245 3836 1297 3894 ad·

123 3929 230 3989 scitum
251 3943 317 3984 esse
335 3923 517 4000 Epicureum
535 3924 629 4000 ipsius
648 3924 771 3984 Eusebii
789 3924 882 3984 verba
900 3923 1037 4000 probant.

213 4014 325 4075 Contra
353 4012 557 4090 Diogenianus
587 4014 791 4091 Pergamenus
824 4013 904 4090 apud
937 4011 1133 4071 Plutarchum
1167 4007 1297 4091 (quaest.

124 4126 208 4168 conv.
222 4102 280 4162 VH
292 4105 350 4180 8,1
367 4103 403 4164 cf.
414 4095 448 4183 3)
472 4101 607 4165 Platonis
631 4103 765 4181 dialogos
793 4103 825 4162 in
852 4100 995 4162 conviviis
1025 4101 1193 4161 recitandos
1220 4120 1297 4161 com·

124 4193 246 4256 meudat
254 4193 457 4269 placitumque
467 4191 654 4252 Platonicum
664 4192 857 4269 interpretari
866 4191 1004 4252 convivas
1014 4190 1099 4250 iubet
1114 4182 1202 4268 (VIII
1214 4193 1242 4267 2,
1252 4187 1296 4268 1);

124 4287 156 4347 in
173 4283 276 4344 libello
295 4283 332 4343 de
346 4281 474 4360 Pythiae
488 4281 617 4343 oraculis
633 4282 741 4359 scripto
755 4281 959 4358 Diogenianua
973 4299 1057 4356 puer,
1075 4278 1127 4355 qui
1139 4298 1200 4338 nou
1214 4281 1298 4339 nulla

125 4376 190 4452 ipse
200 4373 256 4433 scit
265 4374 354 4450 plura
364 4371 482 4449 quaerit
492 4372 633 4449 cuiusque
642 4374 738 4448 pater,
751 4371 803 4432 ille
818 4370 948 4447 optimus
963 4359 1298 4450 virorum(eap.1a.c.),

126 4466 255 4526 fortasse
273 4463 478 4542 Pergamenus
498 4466 556 4523 est:
576 4461 624 4522 hic
636 4480 713 4537 puer
726 4461 883 4520 nulladum
896 4459 1029 4520 imbutus
1044 4460 1091 4518 eet
1108 4457 1297 4534 philosopho·
