2856 4852
611 110 792 182 Chrysippea.
932 104 935 109 ’
1224 109 1289 175 ‘133

67 277 100 343 ἱΟ
207 281 327 340 Nemes.
350 298 383 340 π.
406 276 533 356 φύεεω(
556 274 644 355 ἀνθρ.
668 300 731 356 cap.
758 282 799 341 35
824 272 867 359 (p.
892 274 982 360 138):
1024 276 1055 340 οἱ
1078 277 1113 340 δὲ
1138 275 1289 353 λέγοντε(

114 365 166 431 ὅτι
191 364 258 430 εκαὶ
281 368 319 430 τὸ
342 364 400 446 ἐφ’
422 367 497 445 ἡμῖν
520 366 631 430 καὶτὸ
654 364 727 430 καθ’
751 364 942 445 εἱμαρμένην
965 366 1152 448 εῴζεταί-
1168 364 1288 448 ἑκάετφ

114 455 178 534 γάρ
206 458 272 519 τῶν
300 456 486 534 γενομένων
513 455 660 521 δεδόεθαι
687 476 717 518 τι
744 452 817 520 καθ’
842 454 1032 534 εἱμαρμένην
1055 453 1100 518 άιε
1123 460 1168 539 τῷ
1196 455 1288 519 ὕδατι

114 546 154 609 τὸ
179 544 295 623 ψύχειν
318 545 369 609 καὶ
392 543 512 628 ἑκάετῳ
535 547 601 609 τῶν
625 547 738 624 φυτῶν
760 544 799 608 τὸ
817 542 944 609 τοιόνδε
962 544 1087 623 καρπὸν
1106 544 1218 623 φέρειν
1237 544 1288 609 καί

113 639 163 718 τῷ
187 633 266 716 λίθῳ
289 634 327 698 τὸ
351 635 536 713 κατωφερέ(
559 635 679 716 καὶτῷ
702 634 777 711 πυρὶ
800 634 838 697 τὸ
862 632 1038 713 ἀνωφερέε,
1061 633 1147 697 οὕτω
1171 634 1222 697 καὶ
1240 637 1313 716 τῷ(

114 726 192 806 Ζῴῳ
210 722 249 786 τὸ
268 722 544 800 ευγκατατίθε(θαι
563 723 614 786 καῖ
633 721 749 801 ὁρμάν
769 721 849 786 ὅταν
868 724 903 786 δὲ
922 723 1021 805 ταύτῃ
1040 727 1078 805 τῇ
1093 721 1173 806 ὁρμῇ
1188 724 1287 801 μηδὲν

114 812 268 894 ἀντιπέεῃ
292 815 358 876 τῶν
382 810 502 878 ἔξωθεν
525 811 576 876 καί
605 809 682 877 καθ’
706 810 908 891 εἱμαρμένην,
936 810 1010 875 τότε
1038 812 1075 874 τὸ
1100 815 1288 890 περιπατεῖν

113 902 231 965 τέλεον
255 898 312 980 ἐφ’
335 902 409 980 ἡμῖν
433 899 526 981 είναι,
550 902 601 965 καὶ
624 900 754 964 πάντωε
777 898 1043 980 περιπατήεομεν’
1068 936 1112 946 -
1134 899 1164 965 οἱ
1187 904 1288 965 ταῦτα

115 991 270 1065 λέγοντε(
297 987 368 1074 (εἰεί
396 990 432 1055 δέ
459 993 526 1055 τῶν
554 991 702 1056 (τωικιῖιν
735 989 916 1068 Χρύειππύ(
948 1010 983 1054 τε
1015 989 1066 1053 καί
1094 988 1288 1067 Φιλοπάτωρ

115 1078 167 1143 καί
196 1077 291 1142 ἄλλοι
319 1080 436 1144 πολλοὶ
464 1080 515 1144 καῖ
543 1074 697 1164 λαμπροί)
720 1079 817 1144 οὐδέν
841 1079 953 1157 ἕτερον
983 1077 1245 1144 ἀποδεικνύουειν
1268 1080 1323 1157 ἢν

115 1167 224 1232 πάντα
247 1165 322 1233 καθ’
343 1167 533 1248 εἱμαρμένην
556 1168 703 1246 γίνεεθαι.

189 1288 224 1344 cf.
239 1306 267 1359 p.
283 1295 334 1344 140
355 1290 404 1345 *τὸ
421 1292 461 1344 δι’
478 1295 558 1359 ἡμῶν
576 1291 631 1344 ὑπὸ
650 1294 701 1357 τῆ(
719 1289 883 1357 εἱμαρμένη(
899 1289 1066 1355 γινόμενον’.

67 1456 99 1520 ἱί
206 1457 293 1528 Alex.
312 1459 349 1518 de
363 1477 410 1517 an.
424 1458 454 1516 ΙΙ
471 1479 499 1534 ρ.
516 1460 607 1519 159a
622 1457 702 1517 Ald.:
727 1453 755 1518 εἰ
774 1451 808 1531 ’ἡ
829 1453 887 1532 μέν
905 1453 997 1532 φύει(
1016 1453 1076 1530 οὐχ
1096 1452 1190 1531 ὁμοία
1209 1451 1288 1517 πάν-

115 1562 183 1607 των
202 1540 281 1605 ἀλλ’
300 1542 366 1621 ἔχει
385 1541 547 1622 διαφοράν
566 1539 674 1630 (φύεει
697 1542 758 1620 γάρ
778 1542 910 1621 εὐφυεῖ(
929 1562 1022 1624 τινεε,
1045 1543 1076 1605 οἱ
1096 1540 1129 1605 δ’
1147 1539 1290 1626 ἀφυεῖελ·

117 1630 267 1712 μεγίετην
286 1633 322 1696 δέ
341 1631 430 1710 ἰεχὺν
448 1632 468 1710 ἡ
488 1632 580 1711 φύει(
599 1632 664 1711 ἔχει
683 1633 764 1710 πρὸ(
783 1631 820 1695 τὸ
839 1632 946 1695 τοιού(
969 1633 988 1710 ἢ
1012 1632 1120 1695 τοιού(
1143 1630 1291 1710 γίνεεθαι,

117 1722 195 1800 μετὰ
221 1721 257 1783 δὲ
281 1722 339 1800 τὴν
363 1722 458 1801 φύειν
480 1723 520 1785 τὰ
543 1720 614 1800 έθη,
646 1722 678 1786 ἐξ
703 1718 749 1785 ὧν
773 1719 966 1799 ἀμφοτέρων
995 1720 1046 1783 καὶ
1068 1720 1087 1799 ἡ
1112 1720 1292 1798 προαίρεει(

117 1811 195 1874 ποιὰ
213 1808 370 1889 ,γίνεται’,
398 1813 468 1874 πάι(
491 1808 539 1874 ἔτι
561 1809 646 1874 έεται
669 1808 727 1889 ἐφ’
749 1810 824 1888 ἡμῖν
846 1810 865 1888 ἡ
889 1807 1078 1887 προαίρεει(,
1102 1807 1188 1872 άλωε
1211 1807 1319 1873 ἀπο-ο

118 1901 242 1978 ρήεειεν
266 1897 306 1963 ἄν
330 1919 384 1964 τιε.
418 1898 549 1978 καὶγὰρ
569 1899 596 1964 εἰ
618 1899 670 1963 καὶ
692 1900 751 1978 τὴν
774 1898 977 1962 θιδαεκαλίαν
998 1897 1136 1981 αἰτιῷτο,
1160 1899 1292 1962 οὐδὲτὸ

117 1991 231 2066 μαθεῖν
254 1985 312 2067 ἐφ’
333 1989 417 2067 ἡμῖν.

67 2149 105 2214 12
195 2153 236 2214 id.
247 2151 284 2212 de
293 2153 357 2212 sato
367 2172 392 2213 ο.
405 2155 443 2212 13
456 2144 499 2235 (p.
511 2155 552 2211 42
560 2172 603 2228 sq.
614 2143 676 2235 0.):
696 2146 904 2227 άναιροιῖντε(
919 2147 980 2226 γάρ
996 2146 1033 2211 τὸ
1047 2144 1192 2213 ἐξουείαν
1207 2144 1293 2224 ἔχειν

117 2240 176 2304 τὸν
205 2235 379 2318 ἄνθρωπον
407 2242 464 2318 τῆ(
488 2236 638 2316 αἱρέεεώ(
665 2258 699 2302 τε
728 2237 779 2302 καί
806 2235 951 2316 πράξεωε
979 2240 1045 2301 τῶν
1068 2235 1293 2314 ἀντικειμένων

118 2329 268 2405 λέγουειν
290 2324 349 2407 ἐφ’
366 2327 441 2406 ἡμῖν
465 2325 546 2392 εἰναι
568 2327 606 2391 τὸ
629 2326 800 2405 γινόμενον
825 2327 902 2406 [καὶ]
927 2324 971 2390 δι’
988 2327 1087 2405 ἡμῶν.
1128 2322 1213 2389 Ἐπεί
1232 2325 1293 2403 γὰρ

117 2413 247 2504 (φα(ἰν)
275 2419 342 2480 τῶν
370 2414 475 2480 ὄντων
508 2437 543 2480 τε
574 2416 625 2479 καί
652 2417 832 2495 γινομένων
860 2415 892 2479 αἱ
922 2415 1032 2495 φύεει(
1056 2413 1161 2493 ἕτεραί
1184 2434 1219 2477 τε
1243 2413 1294 2477 καί

117 2505 280 2586 διάφοροι.
332 2505 371 2570 ού
399 2507 461 2584 γὰρ
485 2504 517 2569 αἱ
541 2504 634 2568 αὐταὶ
656 2507 722 2568 τῶν
746 2505 900 2583 ἐμψύχων
923 2524 958 2568 τε
982 2505 1034 2568 καί
1057 2506 1123 2567 τιῖιν
1146 2501 1319 2581 άψύχων,5

118 2593 194 2659 ἀλλ’
217 2594 295 2659 οὐδὲ
318 2597 384 2658 τῶν
408 2594 562 2673 ἐμψύχων
585 2592 739 2658 ἁπάντων
762 2593 794 2656 αἱ
817 2593 910 2657 αύταί
937 2592 1042 2657 πάλιν.
1085 2592 1117 2656 αἱ
1140 2594 1201 2670 γὰρ
1220 2589 1293 2655 κατ’

117 2683 205 2750 εἶδο(
234 2686 300 2747 τῶν
328 2681 433 2748 ὄντων
466 2683 619 2762 διαφοραὶ
651 2682 707 2746 τά(
739 2685 804 2747 τῶν
837 2682 966 2761 φύεεων
995 2681 1102 2746 αὐτῶν
1135 2683 1294 2760 διαφορὰ(

117 2772 324 2839 δεικνύουειν.
354 2771 475 2849 γίνεται
494 2773 529 2836 δὲ
548 2772 588 2836 τὰ
606 2769 662 2851 ὑφ’
682 2769 814 2836 ἑκάετου
833 2770 987 2850 γινόμενα
1004 2770 1085 2835 κατὰ
1101 2772 1159 2848 τὴν
1173 2769 1294 2834 οἰκείαν

116 2863 224 2943 φύειν,
243 2862 283 2926 τά
302 2862 359 2940 μὲν
379 2861 442 2925 ὑπὸ
462 2861 551 2926 λίθου
570 2860 651 2926 κατὰ
669 2862 727 2939 τὴν
749 2860 789 2943 [ρ.
809 2862 865 2940 44]
886 2860 985 2941 λίθου,
1004 2861 1043 2924 τὰ
1062 2857 1091 2923 δ’
1109 2859 1173 2923 ὑπὸ
1192 2860 1294 2937 παρὸ(

117 2953 199 3017 κατὰ
218 2951 277 3029 τὴν
300 2949 410 3029 πυρόε,
433 2951 484 3014 καί
507 2950 546 3013 τά
569 2949 632 3014 ιὶπὸ
656 2951 741 3033 ζῴου
765 2950 846 3014 κατὰ
868 2951 926 3028 τὴν
951 2948 1041 3029 [ὑπὸ]
1068 2949 1162 3039 ζῴου.
1195 2948 1292 3012 οὐδὲν
1307 2966 1323 3003 υ

117 3043 177 3121 μέν
200 3043 268 3104 τῶν
286 3039 367 3103 κατά
385 3040 443 3119 τὴν
462 3038 581 3103 οἰκείαν
600 3039 695 3118 φύειν
714 3037 775 3119 ὑφ’
794 3037 927 3103 ἑκάετου
945 3038 1124 3117 γινομένων
1143 3035 1294 3101 δύναεθαί

116 3149 216 3210 φα(ιν
245 3126 352 3193 ἄλλω(
381 3127 467 3206 ἔχειν
490 3127 564 3196 ἀλλ’
588 3127 720 3192 ἕκαετον
743 3131 809 3192 τῶν
832 3128 1011 3206 γινομένων
1035 3123 1092 3190 ὑπ’
1115 3126 1223 3189 αὐτῶν
1246 3125 1293 3202 γί-

117 3225 227 3285 νεεθαι
255 3218 559 3296 κατηναγκαεμένω(
584 3252 624 3262 -
648 3214 720 3281 κατ’
743 3216 886 3296 ἀνάγκην
915 3217 1035 3294 αὐτὴν
1063 3216 1098 3280 ἐκ
1128 3216 1195 3295 βίαε
1219 3213 1294 3279 ἀλλ)

117 3310 155 3373 ἐκ
177 3310 236 3372 τού
261 3308 301 3385 μὴ
325 3307 476 3371 δύναεθαι
498 3306 535 3370 τὸ
555 3307 593 3385 δὴ
614 3306 758 3385 πεφυκὸ(
777 3306 880 3370 οὕτω(
900 3304 1020 3388 (ὄντων
1039 3308 1105 3369 τῶν
1123 3303 1293 3383 περιεετώ-

117 3417 185 3462 των
209 3395 368 3461 τοιούτων
388 3393 475 3478 <ιὶιε>
499 3394 660 3459 ἀδύνατον
684 3395 771 3479 αὐτῷ
791 3397 831 3475 μὴ
851 3392 1065 3478 περιεετάναι)
1088 3394 1161 3458 τότε
1186 3391 1293 3458 ἄλλω(
1308 3411 1323 3451 ιι

118 3506 189 3550 πω(
212 3485 264 3550 καί
287 3487 327 3564 μη
352 3484 455 3549 οὕτω(
478 3489 650 3563 κινηθῆναι.
674 3486 751 3564 μηδὲ
775 3485 837 3563 γάρ
860 3485 918 3548 τὸν
937 3483 1036 3562 λίθον,
1060 3483 1087 3547 εἰ
1106 3482 1171 3547 ἀπὸ
1191 3483 1295 3561 ὕψου(

119 3574 255 3654 ἀφεθείη
279 3573 379 3652 τινόε,
407 3573 559 3638 δύναεθαι
583 3575 622 3652 μὴ
647 3574 799 3653 φέρεεθαι
821 3571 908 3636 κάτω
933 3571 1082 3657 (μηδενὸε
1106 3572 1293 3650 ἐμποδίζον-

120 3662 189 3750 το()
214 3668 261 3747 τῷ
286 3663 445 3743 βαρύτητα
468 3664 525 3741 μέν
545 3662 631 3740 έχειν
651 3662 750 3726 αὐτὸν
770 3661 805 3726 ἐν
825 3661 924 3746 αύτῷ·
948 3663 1067 3741 ταύτην
1087 3659 1118 3723 δ’
1139 3659 1219 3726 εἰναι
1238 3667 1294 3740 τῆ(

121 3752 270 3831 τοιαύτη(
289 3753 440 3831 κινήεεωε
460 3750 573 3834 [κάτω]
593 3751 701 3831 φύειν,
721 3749 805 3829 ὥετ’,
826 3750 866 3813 ἀν
884 3752 935 3815 καί
953 3753 993 3815 τά
1013 3749 1132 3816 ἔξωθεν
1151 3748 1236 3814 αἰτια
1255 3751 1295 3814 τὰ

121 3841 201 3920 πρὸ(
224 3843 284 3921 τὴν
307 3840 387 3904 κατά
410 3841 505 3921 φύειν
528 3840 646 3919 κίνηειν
669 3845 715 3924 τῷ
739 3839 817 3924 λίθῳ
846 3844 1060 3906 ευντελούντα
1089 3845 1190 3923 παρῇ,
1220 3839 1292 3921 [ὼε]
1308 3857 1323 3897 π

123 3931 155 3996 ἐξ
184 3929 325 4009 ἀνάγκη(
353 3930 411 3994 τὸν
439 3929 530 3994 λίθον
558 3929 602 3993 ὡ(
630 3931 774 4009 πέφυκεν
803 3931 968 4010 φέρεεθαι,
999 3928 1128 3994 πάντωε
1151 3927 1184 3991 δ’
1207 3929 1294 4013 αὐτῷ

123 4021 172 4083 καί
195 4020 229 4086 ἐξ
253 4018 392 4097 ἀνάγκη(
416 4024 564 4098 παρεῖναι
587 4023 688 4083 ταῦτα
710 4021 749 4083 τὰ
774 4017 870 4098 αἴτια,
895 4018 927 4083 δ’
950 4018 970 4082 ἀ
993 4023 1124 4084 κινεῖται
1147 4015 1295 4104 τότε(ού

123 4108 222 4187 μόνον
242 4110 282 4188 μὴ
303 4110 470 4192 δυναμένῳ
489 4111 529 4188 μὴ
549 4113 698 4174 κινεῖεθαι
717 4109 842 4173 τούτων
862 4110 930 4190 [μὴ]
950 4107 1123 4187 παρόντων
1141 4107 1225 4172 ἀλλά
1244 4110 1295 4173 καὶ

124 4199 156 4262 ἐξ
175 4197 315 4276 ἀνάγκη(
333 4202 482 4261 κινεῖεθαι
501 4197 598 4282 τότε),
621 4198 672 4261 καί
690 4196 829 4273 γίνεεθαι
848 4199 906 4276 τὴν
924 4198 1075 4275 τοιαύτην
1094 4197 1212 4275 κίνηειν
1231 4196 1294 4261 ὑπὸ

124 4291 179 4366 τῆ(
207 4286 396 4366 εἱμαρμένη(
425 4285 477 4351 διὰ
504 4290 562 4351 τού
590 4285 688 4351 λίθου.
731 4285 750 4351 ὁ
773 4284 999 4352 δἀὐτὸ(καὶ
1022 4287 1162 4351 ἐπὶτῶν
1186 4285 1323 4351 ἀλλωνν
