<?xml version="1.0" encoding="UTF-8"?>
<!DOCTYPE html PUBLIC "-//W3C//DTD XHTML 1.0 Transitional//EN"
    "http://www.w3.org/TR/xhtml1/DTD/xhtml1-transitional.dtd">
<html xmlns="http://www.w3.org/1999/xhtml" xml:lang="en" lang="en">
 <head>
  <title>
</title>
<meta http-equiv="Content-Type" content="text/html;charset=utf-8" />
  <meta name='ocr-system' content='tesseract 3.04.00' />
  <meta name='ocr-capabilities' content='ocr_page ocr_carea ocr_par ocr_line ocrx_word'/>
</head>
<body>
  <div class='ocr_page' id='page_1' title='image "./chrysippea00chrygoog_0045.png"; bbox 0 0 2856 4852; ppageno 0'>
   <div class='ocr_carea' id='block_1_1' title="bbox 206 248 927 313">
    <p class='ocr_par' dir='ltr' id='par_1_1' title="bbox 206 248 927 313">
     <span class='ocr_line' id='line_1_1' title="bbox 206 248 927 313; baseline -0.007 -3"><span class='ocrx_word' id='word_1_1' title='bbox 206 248 268 313; x_wconf 78' lang='lat'>728</span> <span class='ocrx_word' id='word_1_2' title='bbox 656 248 786 307; x_wconf 80' lang='lat' dir='ltr'>Alfredue</span> <span class='ocrx_word' id='word_1_3' title='bbox 805 250 927 305; x_wconf 73' lang='lat' dir='ltr'>Gerokez</span> 
     </span>
    </p>
   </div>
   <div class='ocr_carea' id='block_1_2' title="bbox 184 415 1424 949">
    <p class='ocr_par' dir='ltr' id='par_1_2' title="bbox 184 415 1424 677">
     <span class='ocr_line' id='line_1_2' title="bbox 293 415 1424 499; baseline 0.004 -22"><span class='ocrx_word' id='word_1_4' title='bbox 293 415 351 477; x_wconf 76' lang='lat' dir='ltr'>cic.</span> <span class='ocrx_word' id='word_1_5' title='bbox 371 418 408 477; x_wconf 87' lang='lat' dir='ltr'>de</span> <span class='ocrx_word' id='word_1_6' title='bbox 427 419 490 478; x_wconf 90' lang='lat' dir='ltr'>fato</span> <span class='ocrx_word' id='word_1_7' title='bbox 511 420 561 486; x_wconf 89' lang='lat'>15,</span> <span class='ocrx_word' id='word_1_8' title='bbox 579 421 666 480; x_wconf 92' lang='grc'>33..</span> <span class='ocrx_word' id='word_1_9' title='bbox 685 418 804 498; x_wconf 77' lang='lat' dir='ltr'><strong>Stoicis,</strong></span> <span class='ocrx_word' id='word_1_10' title='bbox 823 420 875 496; x_wconf 90' lang='lat' dir='ltr'>qui</span> <span class='ocrx_word' id='word_1_11' title='bbox 898 420 997 479; x_wconf 91' lang='lat' dir='ltr'>omnia</span> <span class='ocrx_word' id='word_1_12' title='bbox 1015 420 1078 480; x_wconf 84' lang='lat' dir='ltr'>fato</span> <span class='ocrx_word' id='word_1_13' title='bbox 1096 419 1161 478; x_wconf 89' lang='lat' dir='ltr'>fieri</span> <span class='ocrx_word' id='word_1_14' title='bbox 1180 418 1294 499; x_wconf 86' lang='lat' dir='ltr'>dieunt,</span> <span class='ocrx_word' id='word_1_15' title='bbox 1314 416 1424 482; x_wconf 82' lang='lat' dir='ltr'>eon-88=</span> 
     </span>
     <span class='ocr_line' id='line_1_3' title="bbox 204 508 1376 586; baseline 0 -19"><span class='ocrx_word' id='word_1_16' title='bbox 204 510 380 567; x_wconf 85' lang='lat' dir='ltr'>sentaneum</span> <span class='ocrx_word' id='word_1_17' title='bbox 399 511 445 567; x_wconf 84' lang='lat' dir='ltr'>eat</span> <span class='ocrx_word' id='word_1_18' title='bbox 463 508 634 568; x_wconf 87' lang='lat' dir='ltr'>huiusmodi</span> <span class='ocrx_word' id='word_1_19' title='bbox 658 510 778 569; x_wconf 82' lang='lat' dir='ltr'>oracula</span> <span class='ocrx_word' id='word_1_20' title='bbox 801 512 959 586; x_wconf 83' lang='lat' dir='ltr'>ceteraque</span> <span class='ocrx_word' id='word_1_21' title='bbox 983 528 1059 586; x_wconf 89' lang='lat' dir='ltr'>quae</span> <span class='ocrx_word' id='word_1_22' title='bbox 1078 529 1096 570; x_wconf 92' lang='lat' dir='ltr'>a</span> <span class='ocrx_word' id='word_1_23' title='bbox 1119 509 1305 571; x_wconf 76' lang='lat' dir='ltr'>divinatione</span> <span class='ocrx_word' id='word_1_24' title='bbox 1330 509 1376 567; x_wconf 88' lang='lat' dir='ltr'>du·</span> 
     </span>
     <span class='ocr_line' id='line_1_4' title="bbox 184 597 651 677; baseline 0.004 -21"><span class='ocrx_word' id='word_1_25' title='bbox 184 599 187 607; x_wconf 84' lang='grc'>’</span> <span class='ocrx_word' id='word_1_26' title='bbox 204 598 312 656; x_wconf 82' lang='lat' dir='ltr'>cuntur</span> <span class='ocrx_word' id='word_1_27' title='bbox 331 597 521 673; x_wconf 82' lang='lat' dir='ltr'>conprobare.</span> <span class='ocrx_word' id='word_1_28' title='bbox 648 672 651 677; x_wconf 20' lang='lat'><em>4</em></span> 
     </span>
    </p>

    <p class='ocr_par' dir='ltr' id='par_1_3' title="bbox 205 678 1415 949">
     <span class='ocr_line' id='line_1_5' title="bbox 293 678 1415 767; baseline 0.006 -23"><span class='ocrx_word' id='word_1_29' title='bbox 293 685 378 744; x_wconf 82' lang='lat' dir='ltr'>Alex.</span> <span class='ocrx_word' id='word_1_30' title='bbox 394 686 430 745; x_wconf 86' lang='lat' dir='ltr'>de</span> <span class='ocrx_word' id='word_1_31' title='bbox 444 687 508 746; x_wconf 85' lang='lat' dir='ltr'>fato</span> <span class='ocrx_word' id='word_1_32' title='bbox 523 706 546 746; x_wconf 91' lang='grc' dir='ltr'>ο.</span> <span class='ocrx_word' id='word_1_33' title='bbox 562 689 601 747; x_wconf 88' lang='grc'>31</span> <span class='ocrx_word' id='word_1_34' title='bbox 620 678 661 765; x_wconf 92' lang='lat' dir='ltr'>(p.</span> <span class='ocrx_word' id='word_1_35' title='bbox 679 690 740 748; x_wconf 81' lang='lat'>102</span> <span class='ocrx_word' id='word_1_36' title='bbox 752 679 815 767; x_wconf 79' lang='lat'><strong>0.):</strong></span> <span class='ocrx_word' id='word_1_37' title='bbox 839 683 889 747; x_wconf 82' lang='grc' dir='ltr'>καί</span> <span class='ocrx_word' id='word_1_38' title='bbox 908 683 1106 749; x_wconf 88' lang='grc' dir='ltr'>πιςτεύουςιν</span> <span class='ocrx_word' id='word_1_39' title='bbox 1124 687 1193 748; x_wconf 84' lang='grc' dir='ltr'>τοῖς</span> <span class='ocrx_word' id='word_1_40' title='bbox 1211 679 1376 747; x_wconf 88' lang='grc' dir='ltr'>ἀτοπωτά-</span> <span class='ocrx_word' id='word_1_41' title='bbox 1384 686 1415 751; x_wconf 83' lang='grc'>83</span> 
     </span>
     <span class='ocr_line' id='line_1_6' title="bbox 205 769 1377 853; baseline 0.004 -20"><span class='ocrx_word' id='word_1_42' title='bbox 205 791 272 834; x_wconf 93' lang='grc' dir='ltr'>ταις</span> <span class='ocrx_word' id='word_1_43' title='bbox 295 769 413 853; x_wconf 85' lang='grc' dir='ltr'>ῥᾳδίως</span> <span class='ocrx_word' id='word_1_44' title='bbox 435 772 487 835; x_wconf 89' lang='grc' dir='ltr'>καὶ</span> <span class='ocrx_word' id='word_1_45' title='bbox 509 775 568 836; x_wconf 86' lang='grc' dir='ltr'>τοῦ</span> <span class='ocrx_word' id='word_1_46' title='bbox 591 771 795 851; x_wconf 83' lang='grc' dir='ltr'>κατὰλόγον</span> <span class='ocrx_word' id='word_1_47' title='bbox 819 772 901 837; x_wconf 86' lang='grc' dir='ltr'>αὐτὰ</span> <span class='ocrx_word' id='word_1_48' title='bbox 923 774 1068 851; x_wconf 89' lang='grc' dir='ltr'>γενέςθαι</span> <span class='ocrx_word' id='word_1_49' title='bbox 1092 772 1193 838; x_wconf 89' lang='grc' dir='ltr'>αἰτίας</span> <span class='ocrx_word' id='word_1_50' title='bbox 1215 773 1307 837; x_wconf 89' lang='grc' dir='ltr'>τινάς</span> <span class='ocrx_word' id='word_1_51' title='bbox 1331 773 1377 838; x_wconf 84' lang='grc' dir='ltr'>λέ-</span> 
     </span>
     <span class='ocr_line' id='line_1_7' title="bbox 205 858 533 949; baseline 0.003 -25"><span class='ocrx_word' id='word_1_52' title='bbox 205 880 274 937; x_wconf 89' lang='grc' dir='ltr'>γειν</span> <span class='ocrx_word' id='word_1_53' title='bbox 297 859 356 924; x_wconf 81' lang='grc' dir='ltr'>οὐκ</span> <span class='ocrx_word' id='word_1_54' title='bbox 379 858 533 949; x_wconf 76' lang='grc' dir='ltr'>ὀκνοῦςιν.</span> 
     </span>
    </p>
   </div>
   <div class='ocr_carea' id='block_1_3' title="bbox 276 961 851 1034">
    <p class='ocr_par' dir='ltr' id='par_1_4' title="bbox 276 961 851 1034">
     <span class='ocr_line' id='line_1_8' title="bbox 276 961 851 1034; baseline 0.003 -18"><span class='ocrx_word' id='word_1_55' title='bbox 276 963 311 1017; x_wconf 88' lang='lat' dir='ltr'>de</span> <span class='ocrx_word' id='word_1_56' title='bbox 331 961 505 1019; x_wconf 79' lang='lat' dir='ltr'>divinatione</span> <span class='ocrx_word' id='word_1_57' title='bbox 523 965 552 1018; x_wconf 90' lang='lat' dir='ltr'>et</span> <span class='ocrx_word' id='word_1_58' title='bbox 570 962 690 1020; x_wconf 71' lang='lat' dir='ltr'>oraculis</span> <span class='ocrx_word' id='word_1_59' title='bbox 709 964 803 1034; x_wconf 80' lang='lat' dir='ltr'>agitur</span> <span class='ocrx_word' id='word_1_60' title='bbox 845 987 851 999; x_wconf 95' lang='lat'>·</span> 
     </span>
    </p>
   </div>
   <div class='ocr_carea' id='block_1_4' title="bbox 205 1070 1418 1421">
    <p class='ocr_par' dir='ltr' id='par_1_5' title="bbox 205 1070 1418 1421">
     <span class='ocr_line' id='line_1_9' title="bbox 294 1070 1418 1160; baseline 0.006 -24"><span class='ocrx_word' id='word_1_61' title='bbox 294 1078 364 1137; x_wconf 86' lang='lat' dir='ltr'>ibid.</span> <span class='ocrx_word' id='word_1_62' title='bbox 384 1097 409 1139; x_wconf 89' lang='grc' dir='ltr'>ο.</span> <span class='ocrx_word' id='word_1_63' title='bbox 429 1081 469 1139; x_wconf 82' lang='grc'>17</span> <span class='ocrx_word' id='word_1_64' title='bbox 490 1070 532 1157; x_wconf 90' lang='lat' dir='ltr'>(p.</span> <span class='ocrx_word' id='word_1_65' title='bbox 554 1080 596 1138; x_wconf 82' lang='lat'>60</span> <span class='ocrx_word' id='word_1_66' title='bbox 610 1072 672 1160; x_wconf 80' lang='lat'>0.):</span> <span class='ocrx_word' id='word_1_67' title='bbox 696 1074 733 1138; x_wconf 86' lang='grc' dir='ltr'>αἵ</span> <span class='ocrx_word' id='word_1_68' title='bbox 754 1095 789 1139; x_wconf 89' lang='grc' dir='ltr'>τε</span> <span class='ocrx_word' id='word_1_69' title='bbox 812 1078 878 1140; x_wconf 84' lang='grc' dir='ltr'>τῶν</span> <span class='ocrx_word' id='word_1_70' title='bbox 902 1078 987 1140; x_wconf 84' lang='grc' dir='ltr'>θεῶν</span> <span class='ocrx_word' id='word_1_71' title='bbox 1010 1074 1201 1155; x_wconf 78' lang='grc' dir='ltr'>ἐπιφάνειαι,</span> <span class='ocrx_word' id='word_1_72' title='bbox 1225 1075 1264 1141; x_wconf 89' lang='grc' dir='ltr'>άς</span> <span class='ocrx_word' id='word_1_73' title='bbox 1284 1079 1418 1157; x_wconf 72' lang='grc' dir='ltr'>φαςινάίλ</span> 
     </span>
     <span class='ocr_line' id='line_1_10' title="bbox 205 1161 1380 1246; baseline 0.006 -22"><span class='ocrx_word' id='word_1_74' title='bbox 205 1161 345 1238; x_wconf 86' lang='grc' dir='ltr'>γίνεςθαί</span> <span class='ocrx_word' id='word_1_75' title='bbox 367 1182 454 1241; x_wconf 82' lang='grc' dir='ltr'>τιςιν,</span> <span class='ocrx_word' id='word_1_76' title='bbox 477 1161 556 1227; x_wconf 92' lang='grc' dir='ltr'>κατά</span> <span class='ocrx_word' id='word_1_77' title='bbox 579 1183 651 1228; x_wconf 94' lang='grc' dir='ltr'>τινα</span> <span class='ocrx_word' id='word_1_78' title='bbox 674 1163 818 1239; x_wconf 91' lang='grc' dir='ltr'>γίνονται</span> <span class='ocrx_word' id='word_1_79' title='bbox 836 1166 1180 1244; x_wconf 86' lang='grc' dir='ltr'>προκαταβεβλημένην</span> <span class='ocrx_word' id='word_1_80' title='bbox 1199 1164 1315 1246; x_wconf 86' lang='grc' dir='ltr'>αἰτίαν,</span> <span class='ocrx_word' id='word_1_81' title='bbox 1338 1167 1380 1231; x_wconf 82' lang='grc' dir='ltr'>ὡς</span> 
     </span>
     <span class='ocr_line' id='line_1_11' title="bbox 205 1251 1382 1332; baseline 0.004 -17"><span class='ocrx_word' id='word_1_82' title='bbox 205 1251 269 1330; x_wconf 89' lang='grc' dir='ltr'>πρὸ</span> <span class='ocrx_word' id='word_1_83' title='bbox 291 1254 351 1315; x_wconf 80' lang='grc' dir='ltr'>τοῦ</span> <span class='ocrx_word' id='word_1_84' title='bbox 373 1252 520 1328; x_wconf 81' lang='grc' dir='ltr'>γενέςθαι</span> <span class='ocrx_word' id='word_1_85' title='bbox 542 1251 613 1317; x_wconf 88' lang='grc' dir='ltr'>τινὰ</span> <span class='ocrx_word' id='word_1_86' title='bbox 632 1252 748 1331; x_wconf 87' lang='grc' dir='ltr'>αὐτῶν,</span> <span class='ocrx_word' id='word_1_87' title='bbox 773 1252 889 1332; x_wconf 80' lang='grc' dir='ltr'>ἀληθὲς</span> <span class='ocrx_word' id='word_1_88' title='bbox 908 1251 1046 1318; x_wconf 82' lang='grc' dir='ltr'>εἶναιτὸ</span> <span class='ocrx_word' id='word_1_89' title='bbox 1065 1257 1161 1318; x_wconf 88' lang='grc' dir='ltr'>τοῦδε</span> <span class='ocrx_word' id='word_1_90' title='bbox 1180 1254 1240 1332; x_wconf 83' lang='grc' dir='ltr'>μὲν</span> <span class='ocrx_word' id='word_1_91' title='bbox 1259 1254 1382 1322; x_wconf 87' lang='grc' dir='ltr'>ἔςεςθαί</span> 
     </span>
     <span class='ocr_line' id='line_1_12' title="bbox 205 1340 922 1421; baseline 0.006 -18"><span class='ocrx_word' id='word_1_92' title='bbox 205 1360 277 1405; x_wconf 91' lang='grc' dir='ltr'>τινα</span> <span class='ocrx_word' id='word_1_93' title='bbox 299 1341 335 1405; x_wconf 84' lang='grc' dir='ltr'>ἐκ</span> <span class='ocrx_word' id='word_1_94' title='bbox 359 1344 443 1406; x_wconf 84' lang='grc' dir='ltr'>θεῶν</span> <span class='ocrx_word' id='word_1_95' title='bbox 466 1340 668 1420; x_wconf 85' lang='grc' dir='ltr'>κηδεμονίαν,</span> <span class='ocrx_word' id='word_1_96' title='bbox 690 1345 787 1406; x_wconf 82' lang='grc' dir='ltr'>τοῦδε</span> <span class='ocrx_word' id='word_1_97' title='bbox 811 1343 846 1407; x_wconf 79' lang='grc' dir='ltr'>δὲ</span> <span class='ocrx_word' id='word_1_98' title='bbox 870 1344 922 1421; x_wconf 84' lang='grc' dir='ltr'>μή.</span> 
     </span>
    </p>
   </div>
   <div class='ocr_carea' id='block_1_5' title="bbox 205 1443 1381 1583">
    <p class='ocr_par' dir='ltr' id='par_1_6' title="bbox 205 1443 1381 1583">
     <span class='ocr_line' id='line_1_13' title="bbox 277 1443 1381 1516; baseline 0.005 -18"><span class='ocrx_word' id='word_1_99' title='bbox 277 1443 301 1498; x_wconf 85' lang='grc' dir='ltr'>εἰ</span> <span class='ocrx_word' id='word_1_100' title='bbox 317 1445 372 1511; x_wconf 88' lang='grc' dir='ltr'>γάρ</span> <span class='ocrx_word' id='word_1_101' title='bbox 393 1444 439 1499; x_wconf 78' lang='grc' dir='ltr'>ἀί</span> <span class='ocrx_word' id='word_1_102' title='bbox 455 1461 487 1498; x_wconf 91' lang='grc' dir='ltr'>τε</span> <span class='ocrx_word' id='word_1_103' title='bbox 506 1475 539 1484; x_wconf 98' lang='grc'>-</span> <span class='ocrx_word' id='word_1_104' title='bbox 560 1444 625 1513; x_wconf 84' lang='grc' dir='ltr'>μὴ’,</span> <span class='ocrx_word' id='word_1_105' title='bbox 648 1449 708 1500; x_wconf 82' lang='grc' dir='ltr'>πῶς</span> <span class='ocrx_word' id='word_1_106' title='bbox 731 1447 766 1499; x_wconf 87' lang='grc' dir='ltr'>ἂν</span> <span class='ocrx_word' id='word_1_107' title='bbox 784 1447 825 1500; x_wconf 85' lang='grc' dir='ltr'>ἔτι</span> <span class='ocrx_word' id='word_1_108' title='bbox 843 1451 929 1500; x_wconf 77' lang='grc' dir='ltr'>τοῦτο</span> <span class='ocrx_word' id='word_1_109' title='bbox 947 1446 1083 1514; x_wconf 87' lang='grc' dir='ltr'>πρόνοιάν</span> <span class='ocrx_word' id='word_1_110' title='bbox 1101 1462 1143 1500; x_wconf 89' lang='grc' dir='ltr'>τις</span> <span class='ocrx_word' id='word_1_111' title='bbox 1161 1448 1274 1503; x_wconf 89' lang='grc' dir='ltr'>δικαίως</span> <span class='ocrx_word' id='word_1_112' title='bbox 1293 1450 1381 1516; x_wconf 84' lang='grc' dir='ltr'>λέγοι;</span> 
     </span>
     <span class='ocr_line' id='line_1_14' title="bbox 205 1514 476 1583; baseline 0.011 -15"><span class='ocrx_word' id='word_1_113' title='bbox 205 1531 271 1583; x_wconf 89' lang='grc' dir='ltr'>φαςι</span> <span class='ocrx_word' id='word_1_114' title='bbox 290 1514 327 1568; x_wconf 80' lang='grc' dir='ltr'>Α·</span> <span class='ocrx_word' id='word_1_115' title='bbox 347 1518 432 1583; x_wconf 82' lang='grc' dir='ltr'>φηςίν</span> <span class='ocrx_word' id='word_1_116' title='bbox 451 1515 476 1571; x_wconf 88' lang='lat' dir='ltr'>V</span> 
     </span>
    </p>
   </div>
   <div class='ocr_carea' id='block_1_6' title="bbox 205 1621 1416 1973">
    <p class='ocr_par' dir='ltr' id='par_1_7' title="bbox 205 1621 1416 1973">
     <span class='ocr_line' id='line_1_15' title="bbox 294 1621 1416 1710; baseline 0.005 -22"><span class='ocrx_word' id='word_1_117' title='bbox 294 1629 365 1691; x_wconf 92' lang='lat' dir='ltr'>ibid.</span> <span class='ocrx_word' id='word_1_118' title='bbox 385 1650 408 1691; x_wconf 85' lang='grc' dir='ltr'>α.</span> <span class='ocrx_word' id='word_1_119' title='bbox 429 1632 471 1691; x_wconf 89' lang='grc'>30</span> <span class='ocrx_word' id='word_1_120' title='bbox 491 1622 535 1708; x_wconf 85' lang='lat' dir='ltr'>(p.</span> <span class='ocrx_word' id='word_1_121' title='bbox 556 1632 596 1691; x_wconf 82' lang='lat'>92</span> <span class='ocrx_word' id='word_1_122' title='bbox 614 1621 677 1710; x_wconf 83' lang='lat'><strong>0.):</strong></span> <span class='ocrx_word' id='word_1_123' title='bbox 701 1625 840 1703; x_wconf 89' lang='grc' dir='ltr'>εὔλογον</span> <span class='ocrx_word' id='word_1_124' title='bbox 860 1624 942 1691; x_wconf 80' lang='grc' dir='ltr'>εἶναι</span> <span class='ocrx_word' id='word_1_125' title='bbox 964 1628 1040 1692; x_wconf 85' lang='grc' dir='ltr'>τοὺς</span> <span class='ocrx_word' id='word_1_126' title='bbox 1063 1629 1157 1693; x_wconf 85' lang='grc' dir='ltr'>θεοὺς</span> <span class='ocrx_word' id='word_1_127' title='bbox 1179 1627 1220 1691; x_wconf 89' lang='grc' dir='ltr'>τὰ</span> <span class='ocrx_word' id='word_1_128' title='bbox 1243 1628 1416 1710; x_wconf 85' lang='grc' dir='ltr'>ἑςόμενα91</span> 
     </span>
     <span class='ocr_line' id='line_1_16' title="bbox 206 1711 1380 1799; baseline 0.004 -20"><span class='ocrx_word' id='word_1_129' title='bbox 206 1716 390 1794; x_wconf 84' lang='grc' dir='ltr'>προειδέναι</span> <span class='ocrx_word' id='word_1_130' title='bbox 409 1711 549 1799; x_wconf 86' lang='grc' dir='ltr'>(ἀτοπον</span> <span class='ocrx_word' id='word_1_131' title='bbox 572 1715 633 1793; x_wconf 89' lang='grc' dir='ltr'>γὰρ</span> <span class='ocrx_word' id='word_1_132' title='bbox 656 1715 694 1778; x_wconf 90' lang='grc' dir='ltr'>τὸ</span> <span class='ocrx_word' id='word_1_133' title='bbox 717 1716 825 1792; x_wconf 85' lang='grc' dir='ltr'>λέγειν</span> <span class='ocrx_word' id='word_1_134' title='bbox 847 1714 989 1780; x_wconf 82' lang='grc' dir='ltr'>ἐκείνους</span> <span class='ocrx_word' id='word_1_135' title='bbox 1013 1714 1145 1792; x_wconf 83' lang='grc' dir='ltr'>ἀγνοεῖν</span> <span class='ocrx_word' id='word_1_136' title='bbox 1167 1736 1198 1780; x_wconf 90' lang='grc' dir='ltr'>τι</span> <span class='ocrx_word' id='word_1_137' title='bbox 1220 1721 1289 1782; x_wconf 87' lang='grc' dir='ltr'>τῶν</span> <span class='ocrx_word' id='word_1_138' title='bbox 1314 1720 1380 1784; x_wconf 87' lang='grc' dir='ltr'>ἐςο·</span> 
     </span>
     <span class='ocr_line' id='line_1_17' title="bbox 206 1802 1381 1886; baseline 0.004 -17"><span class='ocrx_word' id='word_1_139' title='bbox 206 1803 326 1886; x_wconf 81' lang='grc' dir='ltr'>μένων)</span> <span class='ocrx_word' id='word_1_140' title='bbox 346 1805 397 1867; x_wconf 87' lang='grc' dir='ltr'>καὶ</span> <span class='ocrx_word' id='word_1_141' title='bbox 414 1808 512 1868; x_wconf 83' lang='grc' dir='ltr'>τοῦτο</span> <span class='ocrx_word' id='word_1_142' title='bbox 532 1802 755 1884; x_wconf 91' lang='grc' dir='ltr'>λαμβάνοντας</span> <span class='ocrx_word' id='word_1_143' title='bbox 774 1803 1015 1870; x_wconf 80' lang='grc' dir='ltr'>καταςκευάῑειν</span> <span class='ocrx_word' id='word_1_144' title='bbox 1033 1809 1198 1884; x_wconf 87' lang='grc' dir='ltr'>πειράςθαι</span> <span class='ocrx_word' id='word_1_145' title='bbox 1221 1805 1266 1870; x_wconf 81' lang='grc' dir='ltr'>δι’</span> <span class='ocrx_word' id='word_1_146' title='bbox 1281 1809 1381 1874; x_wconf 85' lang='grc' dir='ltr'>αὐτοῦ</span> 
     </span>
     <span class='ocr_line' id='line_1_18' title="bbox 205 1891 1207 1973; baseline 0.003 -17"><span class='ocrx_word' id='word_1_147' title='bbox 205 1894 243 1956; x_wconf 88' lang='grc' dir='ltr'>τὸ</span> <span class='ocrx_word' id='word_1_148' title='bbox 267 1892 373 1958; x_wconf 90' lang='grc' dir='ltr'>πάντα</span> <span class='ocrx_word' id='word_1_149' title='bbox 395 1893 428 1959; x_wconf 80' lang='grc' dir='ltr'>ἐξ</span> <span class='ocrx_word' id='word_1_150' title='bbox 452 1891 593 1971; x_wconf 89' lang='grc' dir='ltr'>ἀνάγκης</span> <span class='ocrx_word' id='word_1_151' title='bbox 615 1912 650 1957; x_wconf 95' lang='grc' dir='ltr'>τε</span> <span class='ocrx_word' id='word_1_152' title='bbox 673 1891 814 1970; x_wconf 88' lang='grc' dir='ltr'>γίνεςθαι</span> <span class='ocrx_word' id='word_1_153' title='bbox 837 1894 888 1957; x_wconf 82' lang='grc' dir='ltr'>καὶ</span> <span class='ocrx_word' id='word_1_154' title='bbox 911 1892 984 1959; x_wconf 75' lang='grc' dir='ltr'>καθ’</span> <span class='ocrx_word' id='word_1_155' title='bbox 1008 1894 1207 1973; x_wconf 83' lang='grc' dir='ltr'>εἱμαρμένην.</span> 
     </span>
    </p>
   </div>
   <div class='ocr_carea' id='block_1_7' title="bbox 276 1995 1316 2136">
    <p class='ocr_par' dir='ltr' id='par_1_8' title="bbox 276 1995 1316 2136">
     <span class='ocr_line' id='line_1_19' title="bbox 276 1995 1316 2065; baseline 0.004 -15"><span class='ocrx_word' id='word_1_156' title='bbox 276 1997 310 2051; x_wconf 87' lang='grc' dir='ltr'>τὸ</span> <span class='ocrx_word' id='word_1_157' title='bbox 330 1998 361 2050; x_wconf 82' lang='grc' dir='ltr'>δὲ</span> <span class='ocrx_word' id='word_1_158' title='bbox 379 1997 468 2062; x_wconf 88' lang='grc' dir='ltr'>λέγειν</span> <span class='ocrx_word' id='word_1_159' title='bbox 489 1997 623 2062; x_wconf 65' lang='grc' dir='ltr'>*εὔλογον</span> <span class='ocrx_word' id='word_1_160' title='bbox 644 2028 674 2036; x_wconf 85' lang='grc'>-</span> <span class='ocrx_word' id='word_1_161' title='bbox 695 1995 878 2064; x_wconf 82' lang='grc' dir='ltr'>εἱμαρμένην’</span> <span class='ocrx_word' id='word_1_162' title='bbox 899 1999 966 2051; x_wconf 86' lang='grc' dir='ltr'>οὔτε</span> <span class='ocrx_word' id='word_1_163' title='bbox 984 1998 1084 2065; x_wconf 84' lang='grc' dir='ltr'>ἀληθὲς</span> <span class='ocrx_word' id='word_1_164' title='bbox 1103 2000 1168 2052; x_wconf 81' lang='grc' dir='ltr'>οὔτε</span> <span class='ocrx_word' id='word_1_165' title='bbox 1187 1999 1316 2064; x_wconf 85' lang='grc' dir='ltr'>εὔλογον.</span> 
     </span>
     <span class='ocr_line' id='line_1_20' title="bbox 276 2067 1292 2136; baseline 0.002 -14"><span class='ocrx_word' id='word_1_166' title='bbox 276 2067 341 2122; x_wconf 87' lang='lat' dir='ltr'>add.</span> <span class='ocrx_word' id='word_1_167' title='bbox 359 2067 433 2122; x_wconf 85' lang='lat' dir='ltr'>infra</span> <span class='ocrx_word' id='word_1_168' title='bbox 451 2084 478 2136; x_wconf 90' lang='lat' dir='ltr'>p.</span> <span class='ocrx_word' id='word_1_169' title='bbox 498 2072 533 2122; x_wconf 78' lang='lat'>94</span> <span class='ocrx_word' id='word_1_170' title='bbox 548 2067 579 2122; x_wconf 92' lang='grc' dir='ltr'>Ο.</span> <span class='ocrx_word' id='word_1_171' title='bbox 612 2069 732 2133; x_wconf 84' lang='grc' dir='ltr'>εὔλογον</span> <span class='ocrx_word' id='word_1_172' title='bbox 750 2070 820 2122; x_wconf 80' lang='grc' dir='ltr'>εἶναι</span> <span class='ocrx_word' id='word_1_173' title='bbox 840 2070 876 2135; x_wconf 85' lang='grc' dir='ltr'>μὴ</span> <span class='ocrx_word' id='word_1_174' title='bbox 896 2069 1007 2133; x_wconf 81' lang='grc' dir='ltr'>ἀγνοεῖν</span> <span class='ocrx_word' id='word_1_175' title='bbox 1026 2071 1098 2124; x_wconf 85' lang='grc' dir='ltr'>αὐτὰ</span> <span class='ocrx_word' id='word_1_176' title='bbox 1115 2071 1183 2124; x_wconf 89' lang='grc' dir='ltr'>τοὺς</span> <span class='ocrx_word' id='word_1_177' title='bbox 1201 2072 1292 2125; x_wconf 84' lang='grc' dir='ltr'>θεούς</span> 
     </span>
    </p>
   </div>
   <div class='ocr_carea' id='block_1_8' title="bbox 179 2176 1378 2795">
    <p class='ocr_par' dir='ltr' id='par_1_9' title="bbox 179 2176 1378 2795">
     <span class='ocr_line' id='line_1_21' title="bbox 294 2176 1378 2258; baseline 0.006 -18"><span class='ocrx_word' id='word_1_178' title='bbox 294 2182 379 2243; x_wconf 88' lang='lat' dir='ltr'>ibid.:</span> <span class='ocrx_word' id='word_1_179' title='bbox 415 2176 465 2242; x_wconf 87' lang='grc' dir='ltr'>άτι</span> <span class='ocrx_word' id='word_1_180' title='bbox 488 2178 519 2242; x_wconf 82' lang='grc' dir='ltr'>οἱ</span> <span class='ocrx_word' id='word_1_181' title='bbox 547 2178 615 2243; x_wconf 87' lang='grc' dir='ltr'>θεοὶ</span> <span class='ocrx_word' id='word_1_182' title='bbox 642 2176 915 2256; x_wconf 89' lang='grc' dir='ltr'>προγιγνώςκουςι</span> <span class='ocrx_word' id='word_1_183' title='bbox 941 2178 982 2241; x_wconf 88' lang='grc' dir='ltr'>τά</span> <span class='ocrx_word' id='word_1_184' title='bbox 1009 2179 1183 2258; x_wconf 83' lang='grc' dir='ltr'>μέλλοντα,</span> <span class='ocrx_word' id='word_1_185' title='bbox 1211 2177 1258 2244; x_wconf 75' lang='grc' dir='ltr'>δι’</span> <span class='ocrx_word' id='word_1_186' title='bbox 1282 2181 1378 2247; x_wconf 82' lang='grc' dir='ltr'>αι’ποῦ</span> 
     </span>
     <span class='ocr_line' id='line_1_22' title="bbox 205 2263 1376 2350; baseline 0.003 -18"><span class='ocrx_word' id='word_1_187' title='bbox 205 2265 447 2333; x_wconf 85' lang='grc' dir='ltr'>καταςκευάζειν</span> <span class='ocrx_word' id='word_1_188' title='bbox 469 2267 508 2331; x_wconf 88' lang='grc' dir='ltr'>τὸ</span> <span class='ocrx_word' id='word_1_189' title='bbox 531 2267 565 2332; x_wconf 85' lang='grc' dir='ltr'>ἐξ</span> <span class='ocrx_word' id='word_1_190' title='bbox 593 2263 733 2345; x_wconf 91' lang='grc' dir='ltr'>ἀνάγκης</span> <span class='ocrx_word' id='word_1_191' title='bbox 761 2265 842 2330; x_wconf 87' lang='grc' dir='ltr'>αὐτά</span> <span class='ocrx_word' id='word_1_192' title='bbox 869 2265 1041 2347; x_wconf 87' lang='grc' dir='ltr'>γίγνεςθαι,</span> <span class='ocrx_word' id='word_1_193' title='bbox 1070 2266 1114 2332; x_wconf 84' lang='grc' dir='ltr'>ὡς</span> <span class='ocrx_word' id='word_1_194' title='bbox 1142 2268 1201 2332; x_wconf 87' lang='grc' dir='ltr'>οὐκ</span> <span class='ocrx_word' id='word_1_195' title='bbox 1224 2267 1266 2333; x_wconf 87' lang='grc' dir='ltr'>ἂν</span> <span class='ocrx_word' id='word_1_196' title='bbox 1290 2271 1376 2350; x_wconf 80' lang='grc' dir='ltr'>εἰμὴ</span> 
     </span>
     <span class='ocr_line' id='line_1_23' title="bbox 206 2354 1377 2440; baseline 0.002 -18"><span class='ocrx_word' id='word_1_197' title='bbox 206 2356 310 2422; x_wconf 82' lang='grc' dir='ltr'>οὕτως</span> <span class='ocrx_word' id='word_1_198' title='bbox 333 2354 476 2434; x_wconf 89' lang='grc' dir='ltr'>γίγνοιτο</span> <span class='ocrx_word' id='word_1_199' title='bbox 500 2356 786 2434; x_wconf 86' lang='grc' dir='ltr'>προγνωςομένων.</span> <span class='ocrx_word' id='word_1_200' title='bbox 825 2354 852 2420; x_wconf 89' lang='grc' dir='ltr'>εἰ</span> <span class='ocrx_word' id='word_1_201' title='bbox 876 2356 911 2419; x_wconf 79' lang='grc' dir='ltr'>δὲ</span> <span class='ocrx_word' id='word_1_202' title='bbox 931 2354 984 2440; x_wconf 63' lang='grc' dir='ltr'>’τῇ</span> <span class='ocrx_word' id='word_1_203' title='bbox 1003 2360 1069 2421; x_wconf 85' lang='grc' dir='ltr'>τῶν</span> <span class='ocrx_word' id='word_1_204' title='bbox 1093 2360 1178 2422; x_wconf 84' lang='grc' dir='ltr'>θεῶν</span> <span class='ocrx_word' id='word_1_205' title='bbox 1201 2359 1377 2437; x_wconf 87' lang='grc' dir='ltr'>προγνώςει</span> 
     </span>
     <span class='ocr_line' id='line_1_24' title="bbox 205 2443 1376 2524; baseline 0.001 -13"><span class='ocrx_word' id='word_1_206' title='bbox 205 2468 240 2511; x_wconf 92' lang='grc' dir='ltr'>τε</span> <span class='ocrx_word' id='word_1_207' title='bbox 264 2447 316 2510; x_wconf 91' lang='grc' dir='ltr'>καὶ</span> <span class='ocrx_word' id='word_1_208' title='bbox 339 2445 571 2524; x_wconf 89' lang='grc' dir='ltr'>προαγορεύςει</span> <span class='ocrx_word' id='word_1_209' title='bbox 593 2446 632 2509; x_wconf 89' lang='grc' dir='ltr'>τὸ</span> <span class='ocrx_word' id='word_1_210' title='bbox 655 2443 833 2521; x_wconf 86' lang='grc' dir='ltr'>ἀναγκαῖον</span> <span class='ocrx_word' id='word_1_211' title='bbox 857 2443 992 2523; x_wconf 87' lang='grc' dir='ltr'>ἕπεται’,</span> <span class='ocrx_word' id='word_1_212' title='bbox 1021 2446 1072 2509; x_wconf 85' lang='grc' dir='ltr'>καὶ</span> <span class='ocrx_word' id='word_1_213' title='bbox 1100 2444 1173 2510; x_wconf 86' lang='grc' dir='ltr'>κατ’</span> <span class='ocrx_word' id='word_1_214' title='bbox 1195 2447 1316 2514; x_wconf 87' lang='grc' dir='ltr'>αὐτοὺς</span> <span class='ocrx_word' id='word_1_215' title='bbox 1338 2447 1376 2512; x_wconf 51' lang='grc' dir='ltr'>(εἰ</span> 
     </span>
     <span class='ocr_line' id='line_1_25' title="bbox 179 2531 1377 2614; baseline 0.002 -16"><span class='ocrx_word' id='word_1_216' title='bbox 179 2537 247 2614; x_wconf 53' lang='lat' dir='ltr'>„a</span> <span class='ocrx_word' id='word_1_217' title='bbox 271 2535 309 2599; x_wconf 89' lang='grc' dir='ltr'>τὸ</span> <span class='ocrx_word' id='word_1_218' title='bbox 333 2533 510 2611; x_wconf 82' lang='grc' dir='ltr'>ἀναγκαῖον</span> <span class='ocrx_word' id='word_1_219' title='bbox 534 2534 570 2598; x_wconf 88' lang='grc' dir='ltr'>ἐν</span> <span class='ocrx_word' id='word_1_220' title='bbox 593 2537 662 2598; x_wconf 83' lang='grc' dir='ltr'>τοῖς</span> <span class='ocrx_word' id='word_1_221' title='bbox 684 2534 865 2612; x_wconf 92' lang='grc' dir='ltr'>γινομένοις</span> <span class='ocrx_word' id='word_1_222' title='bbox 888 2531 958 2614; x_wconf 85' lang='grc' dir='ltr'>εἴη’,</span> <span class='ocrx_word' id='word_1_223' title='bbox 981 2534 1040 2599; x_wconf 83' lang='grc' dir='ltr'>οὐκ</span> <span class='ocrx_word' id='word_1_224' title='bbox 1064 2533 1104 2600; x_wconf 86' lang='grc' dir='ltr'>ἂν</span> <span class='ocrx_word' id='word_1_225' title='bbox 1127 2535 1194 2599; x_wconf 82' lang='grc' dir='ltr'>κατ’</span> <span class='ocrx_word' id='word_1_226' title='bbox 1214 2536 1333 2602; x_wconf 83' lang='grc' dir='ltr'>αὐτοὺς</span> <span class='ocrx_word' id='word_1_227' title='bbox 1350 2537 1377 2602; x_wconf 90' lang='grc' dir='ltr'>οἱ</span> 
     </span>
     <span class='ocr_line' id='line_1_26' title="bbox 207 2622 801 2702; baseline -0.005 -13"><span class='ocrx_word' id='word_1_228' title='bbox 207 2625 275 2689; x_wconf 90' lang='grc' dir='ltr'>θεοὶ</span> <span class='ocrx_word' id='word_1_229' title='bbox 298 2623 548 2702; x_wconf 83' lang='grc' dir='ltr'>προγινώςκοιεν</span> <span class='ocrx_word' id='word_1_230' title='bbox 570 2622 612 2686; x_wconf 90' lang='grc' dir='ltr'>τά</span> <span class='ocrx_word' id='word_1_231' title='bbox 633 2623 801 2702; x_wconf 83' lang='grc' dir='ltr'>μέλλοντα.</span> 
     </span>
     <span class='ocr_line' id='line_1_27' title="bbox 278 2724 1221 2795; baseline 0.002 -14"><span class='ocrx_word' id='word_1_232' title='bbox 278 2728 386 2781; x_wconf 67' lang='grc' dir='ltr'>δαύτὰ</span> <span class='ocrx_word' id='word_1_233' title='bbox 404 2728 429 2780; x_wconf 88' lang='grc' dir='ltr'><strong>Α</strong></span> <span class='ocrx_word' id='word_1_234' title='bbox 447 2728 477 2781; x_wconf 89' lang='lat' dir='ltr'>et</span> <span class='ocrx_word' id='word_1_235' title='bbox 494 2727 568 2782; x_wconf 87' lang='lat' dir='ltr'><strong>rubr.</strong></span> <span class='ocrx_word' id='word_1_236' title='bbox 587 2724 626 2780; x_wconf 91' lang='lat' dir='ltr'>V·</span> <span class='ocrx_word' id='word_1_237' title='bbox 646 2728 735 2781; x_wconf 83' lang='grc' dir='ltr'>αὐτῶι</span> <span class='ocrx_word' id='word_1_238' title='bbox 754 2725 793 2779; x_wconf 86' lang='lat' dir='ltr'>V¹</span> <span class='ocrx_word' id='word_1_239' title='bbox 872 2729 960 2781; x_wconf 77' lang='grc' dir='ltr'>ῠούκ</span> <span class='ocrx_word' id='word_1_240' title='bbox 978 2729 1025 2781; x_wconf 86' lang='grc' dir='ltr'>ἂν·</span> <span class='ocrx_word' id='word_1_241' title='bbox 1045 2729 1078 2782; x_wconf 85' lang='grc' dir='ltr'>οὐ</span> <span class='ocrx_word' id='word_1_242' title='bbox 1096 2728 1151 2795; x_wconf 83' lang='grc' dir='ltr'>γὰρ</span> <span class='ocrx_word' id='word_1_243' title='bbox 1169 2727 1221 2783; x_wconf 88' lang='lat' dir='ltr'>VA</span> 
     </span>
    </p>
   </div>
   <div class='ocr_carea' id='block_1_9' title="bbox 206 2853 1417 3112">
    <p class='ocr_par' dir='ltr' id='par_1_10' title="bbox 206 2853 1417 3112">
     <span class='ocr_line' id='line_1_28' title="bbox 208 2853 1417 2937; baseline 0.002 -21"><span class='ocrx_word' id='word_1_244' title='bbox 208 2865 217 2893; x_wconf 69' lang='lat'>⁸</span> <span class='ocrx_word' id='word_1_245' title='bbox 294 2858 380 2917; x_wconf 89' lang='lat' dir='ltr'>ibid.:</span> <span class='ocrx_word' id='word_1_246' title='bbox 404 2854 457 2918; x_wconf 89' lang='grc' dir='ltr'>διὰ</span> <span class='ocrx_word' id='word_1_247' title='bbox 474 2858 533 2918; x_wconf 88' lang='grc' dir='ltr'>τοῦ</span> <span class='ocrx_word' id='word_1_248' title='bbox 552 2853 791 2935; x_wconf 82' lang='grc' dir='ltr'>προλαμβάνειν</span> <span class='ocrx_word' id='word_1_249' title='bbox 810 2858 907 2918; x_wconf 80' lang='grc' dir='ltr'>τοῦτο</span> <span class='ocrx_word' id='word_1_250' title='bbox 923 2853 997 2932; x_wconf 49' lang='grc' dir='ltr'>(τὴν</span> <span class='ocrx_word' id='word_1_251' title='bbox 1015 2854 1111 2934; x_wconf 83' lang='grc' dir='ltr'>φύειν</span> <span class='ocrx_word' id='word_1_252' title='bbox 1124 2857 1184 2934; x_wconf 89' lang='grc' dir='ltr'>τὴν</span> <span class='ocrx_word' id='word_1_253' title='bbox 1198 2860 1266 2921; x_wconf 82' lang='grc' dir='ltr'>τῶν</span> <span class='ocrx_word' id='word_1_254' title='bbox 1281 2879 1378 2937; x_wconf 91' lang='grc' dir='ltr'>πραγ-</span> <span class='ocrx_word' id='word_1_255' title='bbox 1386 2856 1417 2920; x_wconf 85' lang='grc'>92</span> 
     </span>
     <span class='ocr_line' id='line_1_29' title="bbox 208 2940 1380 3029; baseline 0.003 -22"><span class='ocrx_word' id='word_1_256' title='bbox 208 2941 316 3023; x_wconf 88' lang='grc' dir='ltr'>μάτων</span> <span class='ocrx_word' id='word_1_257' title='bbox 339 2941 502 3023; x_wconf 92' lang='grc' dir='ltr'>τοιαύτην’</span> <span class='ocrx_word' id='word_1_258' title='bbox 522 2942 707 3022; x_wconf 89' lang='grc' dir='ltr'>εἰςάγουςιν,</span> <span class='ocrx_word' id='word_1_259' title='bbox 731 2943 880 3020; x_wconf 85' lang='grc' dir='ltr'>οὐδαμῶς</span> <span class='ocrx_word' id='word_1_260' title='bbox 903 2940 1065 3007; x_wconf 80' lang='grc' dir='ltr'>ἀκόλουθα</span> <span class='ocrx_word' id='word_1_261' title='bbox 1088 2945 1140 3007; x_wconf 88' lang='grc' dir='ltr'>καὶ</span> <span class='ocrx_word' id='word_1_262' title='bbox 1163 2948 1293 3029; x_wconf 87' lang='grc' dir='ltr'>ςυνῳδὰ</span> <span class='ocrx_word' id='word_1_263' title='bbox 1314 2952 1380 3012; x_wconf 87' lang='grc' dir='ltr'>τοῖς</span> 
     </span>
     <span class='ocr_line' id='line_1_30' title="bbox 206 3032 891 3112; baseline -0.001 -16"><span class='ocrx_word' id='word_1_264' title='bbox 206 3034 387 3112; x_wconf 88' lang='grc' dir='ltr'>γινομένοις</span> <span class='ocrx_word' id='word_1_265' title='bbox 409 3053 445 3098; x_wconf 92' lang='grc' dir='ltr'>τε</span> <span class='ocrx_word' id='word_1_266' title='bbox 469 3033 520 3097; x_wconf 82' lang='grc' dir='ltr'>καί</span> <span class='ocrx_word' id='word_1_267' title='bbox 543 3033 708 3112; x_wconf 85' lang='grc' dir='ltr'>ἐναργέςιν</span> <span class='ocrx_word' id='word_1_268' title='bbox 731 3032 891 3108; x_wconf 89' lang='grc' dir='ltr'>λέγοντες.</span> 
     </span>
    </p>
   </div>
   <div class='ocr_carea' id='block_1_10' title="bbox 282 3141 415 3191">
    <p class='ocr_par' dir='ltr' id='par_1_11' title="bbox 282 3141 415 3191">
     <span class='ocr_line' id='line_1_31' title="bbox 282 3141 415 3191; baseline 0.015 -2"><span class='ocrx_word' id='word_1_269' title='bbox 282 3141 306 3189; x_wconf 60' lang='lat'>1¹</span> <span class='ocrx_word' id='word_1_270' title='bbox 316 3142 415 3191; x_wconf 79' lang='grc' dir='ltr'>τοῦτο·</span> 
     </span>
    </p>
   </div>
   <div class='ocr_carea' id='block_1_11' title="bbox 206 3259 1421 3605">
    <p class='ocr_par' dir='ltr' id='par_1_12' title="bbox 206 3259 1421 3605">
     <span class='ocr_line' id='line_1_32' title="bbox 295 3259 1421 3345; baseline 0.002 -18"><span class='ocrx_word' id='word_1_271' title='bbox 295 3269 380 3328; x_wconf 88' lang='lat' dir='ltr'>ibid.:</span> <span class='ocrx_word' id='word_1_272' title='bbox 413 3264 464 3329; x_wconf 88' lang='grc' dir='ltr'>καὶ</span> <span class='ocrx_word' id='word_1_273' title='bbox 487 3263 579 3328; x_wconf 87' lang='grc' dir='ltr'>αὐτοὶ</span> <span class='ocrx_word' id='word_1_274' title='bbox 601 3265 660 3342; x_wconf 84' lang='grc' dir='ltr'>τὴν</span> <span class='ocrx_word' id='word_1_275' title='bbox 683 3262 784 3342; x_wconf 80' lang='grc' dir='ltr'>αὐτὴν</span> <span class='ocrx_word' id='word_1_276' title='bbox 807 3259 984 3341; x_wconf 86' lang='grc' dir='ltr'>ἀδυναμίαν</span> <span class='ocrx_word' id='word_1_277' title='bbox 1007 3267 1076 3327; x_wconf 85' lang='grc' dir='ltr'>τοῖς</span> <span class='ocrx_word' id='word_1_278' title='bbox 1096 3269 1183 3329; x_wconf 82' lang='grc' dir='ltr'>θεοῖς</span> <span class='ocrx_word' id='word_1_279' title='bbox 1202 3265 1382 3345; x_wconf 89' lang='grc' dir='ltr'>φυλάςςου-</span> <span class='ocrx_word' id='word_1_280' title='bbox 1391 3265 1421 3331; x_wconf 85' lang='grc'>93</span> 
     </span>
     <span class='ocr_line' id='line_1_33' title="bbox 207 3350 1383 3432; baseline 0.003 -14"><span class='ocrx_word' id='word_1_281' title='bbox 207 3375 268 3432; x_wconf 91' lang='grc' dir='ltr'>ςιν,</span> <span class='ocrx_word' id='word_1_282' title='bbox 292 3351 381 3430; x_wconf 84' lang='grc' dir='ltr'>εἴγε</span> <span class='ocrx_word' id='word_1_283' title='bbox 405 3351 478 3418; x_wconf 80' lang='grc' dir='ltr'>κατ’</span> <span class='ocrx_word' id='word_1_284' title='bbox 501 3350 679 3430; x_wconf 86' lang='grc' dir='ltr'>ἀδυναμίαν</span> <span class='ocrx_word' id='word_1_285' title='bbox 703 3353 762 3430; x_wconf 88' lang='grc' dir='ltr'>χρὴ</span> <span class='ocrx_word' id='word_1_286' title='bbox 787 3351 838 3415; x_wconf 85' lang='grc' dir='ltr'>καὶ</span> <span class='ocrx_word' id='word_1_287' title='bbox 861 3350 1027 3417; x_wconf 89' lang='grc' dir='ltr'>ἀςθένειαν</span> <span class='ocrx_word' id='word_1_288' title='bbox 1050 3353 1157 3429; x_wconf 90' lang='grc' dir='ltr'>λέγειν</span> <span class='ocrx_word' id='word_1_289' title='bbox 1180 3353 1322 3430; x_wconf 89' lang='grc' dir='ltr'>γίνεςθαι</span> <span class='ocrx_word' id='word_1_290' title='bbox 1346 3358 1383 3421; x_wconf 89' lang='grc' dir='ltr'>τὸ</span> 
     </span>
     <span class='ocr_line' id='line_1_34' title="bbox 206 3441 1384 3522; baseline 0.003 -15"><span class='ocrx_word' id='word_1_291' title='bbox 206 3444 246 3507; x_wconf 89' lang='grc' dir='ltr'>τὰ</span> <span class='ocrx_word' id='word_1_292' title='bbox 273 3441 416 3509; x_wconf 84' lang='grc' dir='ltr'>ἀδύνατα</span> <span class='ocrx_word' id='word_1_293' title='bbox 444 3444 484 3522; x_wconf 88' lang='grc' dir='ltr'>μή</span> <span class='ocrx_word' id='word_1_294' title='bbox 514 3441 666 3506; x_wconf 86' lang='grc' dir='ltr'>διίναςθαι</span> <span class='ocrx_word' id='word_1_295' title='bbox 756 3444 792 3504; x_wconf 84' lang='lat' dir='ltr'>of.</span> <span class='ocrx_word' id='word_1_296' title='bbox 816 3445 896 3504; x_wconf 81' lang='lat' dir='ltr'>infra</span> <span class='ocrx_word' id='word_1_297' title='bbox 917 3466 947 3522; x_wconf 88' lang='grc' dir='ltr'>ρ.</span> <span class='ocrx_word' id='word_1_298' title='bbox 972 3448 1012 3506; x_wconf 85' lang='grc'>96</span> <span class='ocrx_word' id='word_1_299' title='bbox 1033 3444 1067 3507; x_wconf 93' lang='grc'>0.</span> <span class='ocrx_word' id='word_1_300' title='bbox 1098 3448 1316 3522; x_wconf 89' lang='grc' dir='ltr'>ςυγχωροῦςιν</span> <span class='ocrx_word' id='word_1_301' title='bbox 1345 3449 1384 3511; x_wconf 89' lang='grc' dir='ltr'>τά</span> 
     </span>
     <span class='ocr_line' id='line_1_35' title="bbox 208 3527 892 3605; baseline -0.003 -9"><span class='ocrx_word' id='word_1_302' title='bbox 208 3532 352 3598; x_wconf 88' lang='grc' dir='ltr'>ἀδύνατα</span> <span class='ocrx_word' id='word_1_303' title='bbox 375 3532 517 3605; x_wconf 74' lang='lat' dir='ltr'>retroit</span> <span class='ocrx_word' id='word_1_304' title='bbox 541 3534 627 3595; x_wconf 85' lang='grc' dir='ltr'>θεοῖς</span> <span class='ocrx_word' id='word_1_305' title='bbox 651 3527 732 3595; x_wconf 74' lang='grc' dir='ltr'>εἶναι</span> <span class='ocrx_word' id='word_1_306' title='bbox 750 3532 892 3594; x_wconf 85' lang='grc' dir='ltr'>τοιαῦτα.</span> 
     </span>
    </p>
   </div>
   <div class='ocr_carea' id='block_1_12' title="bbox 278 3632 1022 3704">
    <p class='ocr_par' dir='ltr' id='par_1_13' title="bbox 278 3632 1022 3704">
     <span class='ocr_line' id='line_1_36' title="bbox 278 3632 1022 3704; baseline -0.003 -14"><span class='ocrx_word' id='word_1_307' title='bbox 278 3641 295 3689; x_wconf 81' lang='lat'><strong>2</strong></span> <span class='ocrx_word' id='word_1_308' title='bbox 314 3636 339 3690; x_wconf 89' lang='grc' dir='ltr'>εί</span> <span class='ocrx_word' id='word_1_309' title='bbox 356 3652 389 3701; x_wconf 88' lang='grc' dir='ltr'>γε</span> <span class='ocrx_word' id='word_1_310' title='bbox 407 3633 470 3687; x_wconf 79' lang='lat' dir='ltr'>VA-</span> <span class='ocrx_word' id='word_1_311' title='bbox 491 3632 515 3687; x_wconf 84' lang='grc' dir='ltr'>εἰ</span> <span class='ocrx_word' id='word_1_312' title='bbox 532 3633 586 3701; x_wconf 87' lang='grc' dir='ltr'>γάρ</span> <span class='ocrx_word' id='word_1_313' title='bbox 659 3632 693 3687; x_wconf 88' lang='lat' dir='ltr'>de</span> <span class='ocrx_word' id='word_1_314' title='bbox 711 3650 742 3688; x_wconf 92' lang='lat' dir='ltr'>re</span> <span class='ocrx_word' id='word_1_315' title='bbox 762 3633 796 3689; x_wconf 84' lang='lat' dir='ltr'>ef.</span> <span class='ocrx_word' id='word_1_316' title='bbox 815 3632 902 3702; x_wconf 84' lang='lat' dir='ltr'>praef.</span> <span class='ocrx_word' id='word_1_317' title='bbox 923 3652 950 3704; x_wconf 90' lang='lat' dir='ltr'>p.</span> <span class='ocrx_word' id='word_1_318' title='bbox 971 3639 1022 3693; x_wconf 78' lang='grc'>639</span> 
     </span>
    </p>
   </div>
   <div class='ocr_carea' id='block_1_13' title="bbox 207 3739 1387 4012">
    <p class='ocr_par' dir='ltr' id='par_1_14' title="bbox 207 3739 1387 4012">
     <span class='ocr_line' id='line_1_37' title="bbox 279 3739 1386 3815; baseline 0.003 -19"><span class='ocrx_word' id='word_1_319' title='bbox 279 3742 352 3796; x_wconf 84' lang='lat' dir='ltr'>falso</span> <span class='ocrx_word' id='word_1_320' title='bbox 369 3739 438 3795; x_wconf 88' lang='lat' dir='ltr'>ibid.</span> <span class='ocrx_word' id='word_1_321' title='bbox 459 3759 486 3810; x_wconf 85' lang='lat' dir='ltr'>p.</span> <span class='ocrx_word' id='word_1_322' title='bbox 507 3744 541 3795; x_wconf 78' lang='grc'>96</span> <span class='ocrx_word' id='word_1_323' title='bbox 558 3739 588 3794; x_wconf 91' lang='grc' dir='ltr'>Ο.</span> <span class='ocrx_word' id='word_1_324' title='bbox 610 3740 717 3795; x_wconf 49' lang='grc' dir='ltr'>ίπάντα</span> <span class='ocrx_word' id='word_1_325' title='bbox 735 3747 794 3795; x_wconf 76' lang='grc' dir='ltr'>τοῖς</span> <span class='ocrx_word' id='word_1_326' title='bbox 812 3745 886 3795; x_wconf 83' lang='grc' dir='ltr'>θεοῖς</span> <span class='ocrx_word' id='word_1_327' title='bbox 905 3742 1012 3795; x_wconf 91' lang='grc' dir='ltr'>δυνατά</span> <span class='ocrx_word' id='word_1_328' title='bbox 1030 3758 1113 3808; x_wconf 91' lang='grc' dir='ltr'>φαςιν</span> <span class='ocrx_word' id='word_1_329' title='bbox 1132 3743 1216 3810; x_wconf 80' lang='grc' dir='ltr'>εἶναι,</span> <span class='ocrx_word' id='word_1_330' title='bbox 1244 3741 1301 3797; x_wconf 81' lang='lat' dir='ltr'>nisi</span> <span class='ocrx_word' id='word_1_331' title='bbox 1325 3745 1386 3815; x_wconf 87' lang='lat' dir='ltr'>ipae</span> 
     </span>
     <span class='ocr_line' id='line_1_38' title="bbox 208 3810 1386 3884; baseline 0.003 -16"><span class='ocrx_word' id='word_1_332' title='bbox 208 3812 321 3884; x_wconf 74' lang='lat' dir='ltr'>scripsit</span> <span class='ocrx_word' id='word_1_333' title='bbox 335 3810 433 3866; x_wconf 80' lang='lat' dir='ltr'>oumA</span> <span class='ocrx_word' id='word_1_334' title='bbox 447 3811 471 3865; x_wconf 79' lang='grc' dir='ltr'>εί</span> <span class='ocrx_word' id='word_1_335' title='bbox 485 3814 535 3878; x_wconf 86' lang='grc' dir='ltr'>μὲν</span> <span class='ocrx_word' id='word_1_336' title='bbox 551 3812 654 3867; x_wconf 64' lang='grc' dir='ltr'>’πάντα</span> <span class='ocrx_word' id='word_1_337' title='bbox 669 3813 705 3867; x_wconf 87' lang='grc' dir='ltr'>τά</span> <span class='ocrx_word' id='word_1_338' title='bbox 724 3814 830 3867; x_wconf 86' lang='grc' dir='ltr'>δυνατά</span> <span class='ocrx_word' id='word_1_339' title='bbox 848 3818 907 3867; x_wconf 83' lang='grc' dir='ltr'>τοῖς</span> <span class='ocrx_word' id='word_1_340' title='bbox 925 3817 999 3866; x_wconf 80' lang='grc' dir='ltr'>θεοῖς</span> <span class='ocrx_word' id='word_1_341' title='bbox 1017 3813 1123 3866; x_wconf 91' lang='grc' dir='ltr'>δυνατά</span> <span class='ocrx_word' id='word_1_342' title='bbox 1137 3831 1167 3881; x_wconf 91' lang='grc' dir='ltr'>φ.</span> <span class='ocrx_word' id='word_1_343' title='bbox 1183 3829 1203 3866; x_wconf 91' lang='grc' dir='ltr'>ε.</span> <span class='ocrx_word' id='word_1_344' title='bbox 1220 3816 1278 3867; x_wconf 89' lang='grc' dir='ltr'>κτλ.</span> <span class='ocrx_word' id='word_1_345' title='bbox 1292 3816 1386 3870; x_wconf 88' lang='grc' dir='ltr'>πάντα</span> 
     </span>
     <span class='ocr_line' id='line_1_39' title="bbox 207 3882 1387 4012; baseline 0.004 -75"><span class='ocrx_word' id='word_1_346' title='bbox 207 3887 323 4012; x_wconf 48' lang='lat' dir='ltr'>{gem</span> <span class='ocrx_word' id='word_1_347' title='bbox 338 3883 488 4010; x_wconf 54' lang='grc' dir='ltr'>ξῦνὲάέπα</span> <span class='ocrx_word' id='word_1_348' title='bbox 508 3890 567 3939; x_wconf 79' lang='grc' dir='ltr'>τοῖς</span> <span class='ocrx_word' id='word_1_349' title='bbox 589 3883 681 3954; x_wconf 81' lang='lat' dir='ltr'>volgo.</span> <span class='ocrx_word' id='word_1_350' title='bbox 716 3883 790 3938; x_wconf 85' lang='lat' dir='ltr'>infra</span> <span class='ocrx_word' id='word_1_351' title='bbox 811 3883 880 3938; x_wconf 90' lang='lat' dir='ltr'>item</span> <span class='ocrx_word' id='word_1_352' title='bbox 903 3882 975 3938; x_wconf 80' lang='lat' dir='ltr'>falso</span> <span class='ocrx_word' id='word_1_353' title='bbox 998 3885 1073 3937; x_wconf 85' lang='grc' dir='ltr'>ἔςται</span> <span class='ocrx_word' id='word_1_354' title='bbox 1091 3885 1122 3938; x_wconf 84' lang='grc' dir='ltr'>δὲ</span> <span class='ocrx_word' id='word_1_355' title='bbox 1141 3886 1239 3938; x_wconf 79' lang='grc' dir='ltr'>καὶτὰ</span> <span class='ocrx_word' id='word_1_356' title='bbox 1258 3886 1387 3942; x_wconf 88' lang='grc' dir='ltr'>ἀδύνατα</span> 
     </span>
    </p>
   </div>
   <div class='ocr_carea' id='block_1_14' title="bbox 133 4064 1424 4506">
    <p class='ocr_par' dir='ltr' id='par_1_15' title="bbox 133 4064 1424 4506">
     <span class='ocr_line' id='line_1_40' title="bbox 297 4064 1424 4146; baseline 0.002 -17"><span class='ocrx_word' id='word_1_357' title='bbox 297 4069 368 4130; x_wconf 87' lang='lat' dir='ltr'>ibid.</span> <span class='ocrx_word' id='word_1_358' title='bbox 392 4088 416 4130; x_wconf 88' lang='grc' dir='ltr'>α.</span> <span class='ocrx_word' id='word_1_359' title='bbox 440 4072 506 4131; x_wconf 85' lang='lat'><strong>31.:</strong></span> <span class='ocrx_word' id='word_1_360' title='bbox 543 4065 719 4145; x_wconf 82' lang='grc' dir='ltr'>ὑμνοῦντες</span> <span class='ocrx_word' id='word_1_361' title='bbox 741 4066 800 4146; x_wconf 83' lang='grc' dir='ltr'>τὴν</span> <span class='ocrx_word' id='word_1_362' title='bbox 823 4066 975 4144; x_wconf 86' lang='grc' dir='ltr'>μαντικὴν</span> <span class='ocrx_word' id='word_1_363' title='bbox 1003 4064 1055 4128; x_wconf 89' lang='grc' dir='ltr'>καὶ</span> <span class='ocrx_word' id='word_1_364' title='bbox 1083 4065 1163 4131; x_wconf 86' lang='grc' dir='ltr'>κατὰ</span> <span class='ocrx_word' id='word_1_365' title='bbox 1189 4065 1248 4131; x_wconf 87' lang='grc' dir='ltr'>τὸν</span> <span class='ocrx_word' id='word_1_366' title='bbox 1277 4065 1424 4134; x_wconf 64' lang='lat' dir='ltr'>eonon</span> 
     </span>
     <span class='ocr_line' id='line_1_41' title="bbox 133 4153 1385 4240; baseline 0.002 -20"><span class='ocrx_word' id='word_1_367' title='bbox 133 4179 143 4198; x_wconf 93' lang='lat'><strong>·</strong></span> <span class='ocrx_word' id='word_1_368' title='bbox 209 4154 310 4232; x_wconf 88' lang='grc' dir='ltr'>λόγον</span> <span class='ocrx_word' id='word_1_369' title='bbox 328 4153 430 4234; x_wconf 93' lang='grc' dir='ltr'>μόνον</span> <span class='ocrx_word' id='word_1_370' title='bbox 449 4157 599 4240; x_wconf 81' lang='grc' dir='ltr'>ςῴῑεςθαι</span> <span class='ocrx_word' id='word_1_371' title='bbox 618 4157 770 4232; x_wconf 88' lang='grc' dir='ltr'>λέγοντες</span> <span class='ocrx_word' id='word_1_372' title='bbox 785 4154 892 4234; x_wconf 87' lang='grc' dir='ltr'>αὐτὴν,</span> <span class='ocrx_word' id='word_1_373' title='bbox 912 4154 963 4218; x_wconf 88' lang='grc' dir='ltr'>καὶ</span> <span class='ocrx_word' id='word_1_374' title='bbox 976 4153 1075 4238; x_wconf 84' lang='grc' dir='ltr'>ταύτῃ</span> <span class='ocrx_word' id='word_1_375' title='bbox 1090 4154 1189 4220; x_wconf 89' lang='grc' dir='ltr'>πίςτει</span> <span class='ocrx_word' id='word_1_376' title='bbox 1204 4159 1261 4219; x_wconf 83' lang='grc' dir='ltr'>τοῦ</span> <span class='ocrx_word' id='word_1_377' title='bbox 1277 4155 1385 4223; x_wconf 89' lang='grc' dir='ltr'>πάντα</span> 
     </span>
     <span class='ocr_line' id='line_1_42' title="bbox 209 4241 1384 4325; baseline 0.002 -16"><span class='ocrx_word' id='word_1_378' title='bbox 209 4242 284 4309; x_wconf 81' lang='grc' dir='ltr'>καθ’</span> <span class='ocrx_word' id='word_1_379' title='bbox 311 4244 501 4325; x_wconf 79' lang='grc' dir='ltr'>εἱμαρμένην</span> <span class='ocrx_word' id='word_1_380' title='bbox 528 4244 667 4323; x_wconf 89' lang='grc' dir='ltr'>γίνεςθαι</span> <span class='ocrx_word' id='word_1_381' title='bbox 696 4245 931 4324; x_wconf 87' lang='grc' dir='ltr'>χρώμενοι</span> <span class='ocrx_word' id='word_1_382' title='bbox 955 4241 1168 4322; x_wconf 87' lang='grc' dir='ltr'>ἀπορούντων</span> <span class='ocrx_word' id='word_1_383' title='bbox 1195 4242 1257 4323; x_wconf 93' lang='grc' dir='ltr'>γάρ</span> <span class='ocrx_word' id='word_1_384' title='bbox 1285 4267 1384 4311; x_wconf 90' lang='grc' dir='ltr'>τινων</span> 
     </span>
     <span class='ocr_line' id='line_1_43' title="bbox 210 4330 1383 4416; baseline 0 -18"><span class='ocrx_word' id='word_1_385' title='bbox 210 4334 291 4414; x_wconf 87' lang='grc' dir='ltr'>πρὸς</span> <span class='ocrx_word' id='word_1_386' title='bbox 315 4335 441 4414; x_wconf 83' lang='grc' dir='ltr'>αὐτούς,</span> <span class='ocrx_word' id='word_1_387' title='bbox 464 4335 493 4399; x_wconf 89' lang='grc' dir='ltr'>τί</span> <span class='ocrx_word' id='word_1_388' title='bbox 517 4337 555 4416; x_wconf 92' lang='grc' dir='ltr'>δή</span> <span class='ocrx_word' id='word_1_389' title='bbox 580 4356 676 4413; x_wconf 89' lang='grc' dir='ltr'>ποτε,</span> <span class='ocrx_word' id='word_1_390' title='bbox 701 4333 727 4399; x_wconf 88' lang='grc' dir='ltr'>εἰ</span> <span class='ocrx_word' id='word_1_391' title='bbox 751 4331 857 4398; x_wconf 91' lang='grc' dir='ltr'>πάντα</span> <span class='ocrx_word' id='word_1_392' title='bbox 879 4332 919 4396; x_wconf 88' lang='grc' dir='ltr'>τὰ</span> <span class='ocrx_word' id='word_1_393' title='bbox 941 4330 1094 4411; x_wconf 86' lang='grc' dir='ltr'>γινόμενα</span> <span class='ocrx_word' id='word_1_394' title='bbox 1117 4334 1150 4399; x_wconf 84' lang='grc' dir='ltr'>ἐξ</span> <span class='ocrx_word' id='word_1_395' title='bbox 1174 4331 1314 4414; x_wconf 91' lang='grc' dir='ltr'>ἀνάγκης</span> <span class='ocrx_word' id='word_1_396' title='bbox 1337 4335 1383 4412; x_wconf 91' lang='grc' dir='ltr'>γί-</span> 
     </span>
     <span class='ocr_line' id='line_1_44' title="bbox 183 4420 1384 4506; baseline -0.001 -17"><span class='ocrx_word' id='word_1_397' title='bbox 183 4445 309 4504; x_wconf 71' lang='grc' dir='ltr'>5νεται,</span> <span class='ocrx_word' id='word_1_398' title='bbox 333 4424 365 4489; x_wconf 81' lang='grc' dir='ltr'>αἱ</span> <span class='ocrx_word' id='word_1_399' title='bbox 388 4424 477 4506; x_wconf 89' lang='grc' dir='ltr'>παρὰ</span> <span class='ocrx_word' id='word_1_400' title='bbox 498 4428 564 4490; x_wconf 87' lang='grc' dir='ltr'>τῶν</span> <span class='ocrx_word' id='word_1_401' title='bbox 588 4427 672 4490; x_wconf 84' lang='grc' dir='ltr'>θεῶν</span> <span class='ocrx_word' id='word_1_402' title='bbox 690 4427 835 4504; x_wconf 84' lang='grc' dir='ltr'>μαντεῖαι</span> <span class='ocrx_word' id='word_1_403' title='bbox 853 4422 911 4502; x_wconf 77' lang='grc' dir='ltr'>μὲν</span> <span class='ocrx_word' id='word_1_404' title='bbox 930 4420 1093 4499; x_wconf 90' lang='grc' dir='ltr'>γίγνονται</span> <span class='ocrx_word' id='word_1_405' title='bbox 1112 4426 1302 4504; x_wconf 88' lang='grc' dir='ltr'>ςυμβουλαῑς</span> <span class='ocrx_word' id='word_1_406' title='bbox 1320 4425 1384 4488; x_wconf 89' lang='grc' dir='ltr'>ἐοι-</span> 
     </span>
    </p>
   </div>
   <div class='ocr_carea' id='block_1_15' title="bbox 0 0 1441 4852">
    <p class='ocr_par' dir='ltr' id='par_1_16' title="bbox 0 0 1441 4852">
     <span class='ocr_line' id='line_1_45' title="bbox 0 0 1441 4852; baseline 0 0"><span class='ocrx_word' id='word_1_407' title='bbox 0 0 1441 4852; x_wconf 95' lang='lat' dir='ltr'> </span> 
     </span>
    </p>
   </div>
  </div>
 </body>
</html>
