2856 4852
165 247 230 316 ‘154
616 243 746 303 Alfrodus
764 244 884 304 Getokea

123 509 150 549 2⁰
164 502 304 579 ςτήμονα
330 498 389 562 τόν
412 495 496 561 άπαξ
520 498 599 561 ποτέ
623 496 763 577 τυχόντα
786 502 844 562 τοῦ
868 501 988 562 ςκοποῖι
1016 497 1169 563 πολλάκις
1193 501 1229 562 δέ
1257 498 1338 564 ἀπο-

162 587 373 666 τυγχάνοντα,
387 585 469 663 Ιοὐδὲ
494 585 604 665 ἰατρόν
622 586 681 649 τόν
700 585 895 665 ἀναιροῦντα
913 588 988 650 τοὺς
1008 586 1139 651 πλείους
1157 591 1225 653 τῶν
1244 594 1337 667 θερα-

162 677 352 755 πευομένων
371 673 430 739 ὑπ’
444 674 543 738 αὐτοῦ
562 675 620 739 ἕνα
634 676 669 740 δέ
685 696 764 739 ποτε
785 679 933 740 διαςῶςαι
948 678 1134 755 δυνηθέντα
1153 677 1231 741 ούδέ
1252 676 1338 741 ὅλως

162 767 333 846 ἐπιςτήμην
357 765 494 842 λέγομεν
517 765 575 843 τὴν
601 766 642 842 μὴ
666 763 771 828 πάντα
794 766 813 843 ἢ
839 764 880 828 τά
902 785 939 842 γε
963 768 1094 829 πλεῖςτα
1119 769 1186 830 τῶν
1210 765 1337 832 οἰκείων

163 854 268 934 ἔργων
287 857 511 932 κατορθούςαν.
549 850 598 916 ότι
617 855 652 917 δὲ
672 852 928 931 ἀποτυγχάνεται
949 854 989 917 τά
1007 854 1114 918 πολλὰ
1132 859 1200 920 τοῖς
1220 859 1336 920 καλου-

122 956 149 997 25
163 946 270 1022 μένοις
294 941 452 1021 μάντεςιν,
477 939 496 1004 δ
526 944 589 1005 πᾶς
611 943 677 1005 τῶν
700 941 881 1018 ἀνθρώπων
911 942 977 1022 βίος
1006 941 1124 1020 μάρτυς
1147 942 1187 1007 ἀν
1213 942 1263 1023 εἴη
1288 947 1339 1008 καὶ

162 1031 252 1096 οὗτοι
270 1032 306 1095 δὲ
330 1031 421 1095 αὐτοὶ
445 1029 475 1093 οἱ
493 1033 552 1109 τὴν
571 1031 722 1109 μαντικὴν
745 1030 1020 1109 ἐπαγγελλόμενοι
1043 1032 1168 1111 τέχνην,
1193 1032 1266 1112 οάχὶ
1286 1034 1343 1098 διὰ

161 1123 277 1199 ταύτης
301 1119 428 1183 ἑαυτοῖς
452 1123 644 1198 βοηθοῦντες
667 1119 703 1182 ἐν
726 1122 796 1183 ταῖς
824 1120 903 1182 κατά
925 1121 984 1183 τόν
1009 1119 1077 1199 βίον
1106 1121 1225 1200 χρείαις
1253 1121 1344 1186 ἀλλὰ

161 1211 271 1292 γνώμῃ
290 1229 325 1272 τε
345 1207 407 1289 ἰδίᾳ
426 1208 505 1271 ποτὲ
525 1207 683 1286 χρώμενοι
707 1208 758 1272 καὶ
781 1211 939 1292 ςυμβουλῇ
964 1209 1015 1273 καί
1039 1210 1186 1294 ςυνεργίᾳ
1208 1214 1278 1274 τῶν
1302 1213 1344 1275 ἐν

162 1298 302 1363 ἑκάςτοις
316 1300 381 1359 τῶν
397 1296 593 1375 πραγμάτων
607 1295 772 1374 ἐμπειρίαν
786 1302 949 1376 κεκτῆςθαι
964 1300 1223 1376 νενομιςμένων.)
1253 1299 1344 1365 ἀλλὰ

120 1388 233 1465 ννπερὶ
252 1387 309 1464 μὲν
327 1389 385 1449 τού
405 1387 445 1464 μὴ
464 1384 649 1449 ςυνεςτάναι
668 1386 813 1462 τούτο,ὃ
832 1388 1075 1466 προειλήφαμεν
1095 1391 1205 1452 καλεῖν
1224 1409 1340 1466 μαντι-

159 1479 231 1555 κήν,
254 1477 291 1538 ἐν
315 1472 425 1537 ἄλλοις
449 1472 661 1551 ἀποδώςομεν
685 1475 901 1552 πληρέςτερον
924 1477 1169 1553 παρατιθέμενοι
1192 1476 1234 1540 τά
1253 1476 1338 1543 Ἐπι-

158 1564 265 1646 κούρῳ
284 1563 335 1626 καί
354 1563 427 1641 περὶ
441 1562 559 1627 τούτου
574 1566 746 1626 δοκοῦντα·
766 1563 836 1626 νυνὶ
851 1564 886 1626 δέ
900 1568 1056 1629 τοςοῖιτον
1070 1568 1138 1629 τοῖς
1158 1564 1338 1645 εἰρημένοις

159 1654 387 1731 προςθήςομεν,
405 1648 455 1714 ότι
474 1650 606 1729 μάλιςτα
621 1652 678 1729 μέν
692 1651 730 1715 τὸ
749 1649 918 1730 ἀληθεύειν
931 1654 1011 1717 ποτέ
1025 1654 1101 1718 τούς
1115 1656 1335 1733 καλουμένους

159 1740 286 1819 μάντεις
304 1740 340 1805 ἐν
359 1743 428 1804 ταῖς
445 1740 713 1818 προαγορεύςεςιν
729 1738 788 1804 οὐκ
807 1740 975 1820 ἐπιςτήμης
989 1739 1074 1806 ἀλλὰ
1086 1747 1213 1822 τυχικῆς
1233 1744 1331 1808 αἰτίας

118 1843 145 1884 ⁸⁵
159 1829 256 1908 ἔργον
276 1829 316 1894 ἀν
335 1827 392 1908 είη.
427 1828 466 1892 ού
485 1829 546 1907 γάρ
565 1829 603 1892 τό
623 1828 835 1907 μηδεπώποτε
854 1834 913 1894 τοῦ
932 1832 1142 1910 προκειμένου
1162 1832 1330 1911 τυγχάνειν

158 1918 241 1983 ἀλλὰ
259 1918 296 1983 τό
316 1920 356 1997 μὴ
376 1916 515 1983 πάντοτε
535 1915 610 1995 μηδ’
629 1916 674 1980 ὡς
693 1917 745 1982 ἐπὶ
763 1918 800 1982 τὸ
821 1921 972 1982 πλεῖςτον
994 1916 1070 1998 μηδ’
1090 1919 1134 1984 ὡς
1154 1921 1187 1986 ἐξ
1209 1921 1327 2002 ἐπιςτή-

157 2028 223 2087 μης,
242 2006 322 2072 όταν
340 2027 387 2071 τις
405 2006 456 2071 καί
472 2027 552 2070 ποτε
566 2005 716 2088 τυγχάνῃ,
736 2006 833 2085 τύχης
850 2005 948 2086 ἔργον
962 2011 1072 2072 καλεῖν
1087 2011 1326 2090 προειλήφαμεν

157 2096 187 2160 οἱ
202 2095 403 2175 διειληφότες
417 2096 473 2159 τάς
492 2093 553 2174 ὑφ’
567 2095 698 2160 ἕκαςτον
712 2093 816 2173 ὄνομα
832 2097 1027 2175 τεταγμένας
1041 2098 1189 2175 ἐναργεῖς
1204 2099 1327 2163 ἐννοίας

157 2185 290 2250 ἑαυτῶν.
304 2221 341 2230 -
355 2183 477 2262 ἔπειτα,
497 2184 524 2248 εἰ
543 2185 594 2248 καί
608 2182 681 2248 καθ’
695 2183 845 2249 ύπόθεςιν
860 2184 900 2264 ἦν
918 2183 1033 2264 ἀληθὲς
1048 2185 1085 2248 τό
1100 2188 1139 2264 δὴ
1160 2184 1236 2267 ’τὴν
1256 2209 1327 2267 μαν-

115 2289 142 2328 40
155 2277 243 2354 τικὴν
262 2278 328 2338 τῶν
347 2272 532 2352 μελλόντων
549 2271 746 2355 <όάιάντων>
762 2271 843 2336 εἶναι
862 2276 1056 2353 θεωρητικήν
1070 2295 1105 2338 τε
1122 2275 1173 2339 καὶ
1188 2297 1326 2354 προαγο-

156 2361 331 2443 ρευτικήν’,
360 2364 398 2426 τό
422 2364 479 2441 μὲν
509 2360 630 2425 επάντα
657 2360 730 2426 καθ’
759 2361 949 2440 εἱμαρμένην
978 2360 1076 2427 εἶναι’
1106 2365 1261 2443 ςυνήγετο
1291 2365 1327 2430 ἀν

155 2453 270 2531 οὕτως,
290 2453 327 2515 τό
347 2452 455 2529 μέντοι
475 2452 626 2529 χρειῶδες
646 2449 744 2528 αὐτῆς
762 2450 813 2514 καί
833 2452 991 2529 βιωφελές
1010 2451 1069 2515 ούκ
1087 2449 1128 2516 ἀν
1146 2473 1228 2518 ποτε
1248 2453 1325 2518 ἐδεί-

154 2562 261 2619 κνυτο,
282 2539 326 2604 δι’
344 2541 363 2604 ὃ
382 2541 433 2603 καὶ
451 2538 583 2617 μάλιςτα
602 2543 690 2603 δοκεῖ
706 2538 887 2617 Χρύςιππος
902 2537 1012 2617 ὑμνεῖν
1028 2541 1086 2618 τὴν
1105 2544 1266 2622 μαντικήν.
1294 2542 1322 2606 τί

153 2630 214 2708 γάρ
237 2629 359 2710 ὄφελος
385 2629 460 2708 ἡμῖν
484 2629 524 2708 ἦν
547 2626 786 2706 προμανθάνειν
807 2627 848 2691 τὰ
870 2627 999 2692 πάντως
1021 2628 1156 2706 έςόμενα
1179 2634 1324 2711 δυςχερῆ,

112 2718 174 2781 45ἃ
202 2718 278 2783 ούδέ
307 2717 570 2797 προφυλάξαςθαι
598 2717 738 2780 δυνατόν
765 2715 804 2794 ἀν
833 2715 896 2798 εἴης
924 2718 964 2781 τὰ
992 2718 1052 2796 γὰρ
1083 2715 1157 2782 καθ’
1183 2719 1328 2799 εἱμαρμέ-

154 2827 213 2885 νην
232 2806 386 2885 γινόμενα
401 2810 471 2870 πῶς
489 2803 529 2870 ἄν
543 2826 588 2869 τις
608 2804 806 2884 φυλάξαςθαι
825 2806 969 2881 δύναιτο;
993 2803 1069 2870 ὥςτ’
1090 2805 1187 2871 ούδέν
1207 2807 1329 2888 ὄφελος

154 2896 228 2974 ἡμῖν
254 2900 309 2972 τῆς
333 2899 494 2974 μαντικῆς,
517 2897 641 2973 μάλλον
666 2894 702 2957 δὲ
726 2895 778 2958 καὶ
801 2894 882 2972 πρὸς
904 2897 1002 2959 κακοῦ
1026 2915 1112 2959 τινος
1139 2895 1265 2972 ἐγίνετο
1290 2897 1331 2962 ἂν

154 2983 246 3062 αὕτη,
265 2985 303 3048 τό
323 2988 551 3063 προλυπεῖςθαι
571 2982 671 3061 μάτην
690 2983 874 3061 παρέχουςα
896 2987 964 3048 τοῖς
983 2981 1166 3062 ἀνθρώποις
1186 2987 1240 3050 ἐπί
1258 2992 1329 3051 ταῖς

153 3075 427 3152 προδηλουμέναις
446 3071 639 3152 δυςχερείαις
658 3069 730 3136 κατ’
748 3068 890 3150 ἀνάγκην
912 3074 1083 3151 ἐςομὲναις.
1126 3073 1165 3137 ού
1184 3075 1247 3154 γάρ
1265 3078 1326 3156 τὴν

112 3176 140 3217 ⁶⁰
153 3160 222 3241 ίςην
250 3161 348 3227 πάλιν
376 3161 577 3242 εύφροςύνην
604 3181 651 3224 τις
679 3162 772 3240 φήςει
800 3161 953 3240 παρέχειν
980 3163 1038 3240 τὴν
1066 3164 1132 3226 τῶν
1165 3162 1332 3243 ἐςομένων

154 3248 285 3328 ἀγαθῶν
313 3250 554 3330 προαγόρευςιν,
582 3251 755 3329 ἐπειδήπερ
778 3249 839 3328 ούχ
858 3249 961 3314 οὕτως
982 3251 1126 3330 πέφυκεν
1145 3249 1332 3331 ἀνθρώποις

154 3339 275 3419 χαίρειν
308 3342 360 3405 ἐπὶ
388 3344 456 3403 τοῖς
485 3340 762 3418 προςδοκωμένοις
790 3336 939 3418 ἀγαθοῖς,
969 3339 1014 3404 ὡς
1045 3340 1098 3404 ἐπὶ
1124 3344 1192 3404 τοῖς
1222 3348 1333 3408 κακοῖς

154 3428 304 3495 ἀνιάςθαι.
334 3428 440 3492 ἄλλως
472 3448 506 3491 τε
539 3427 589 3491 καὶ
622 3431 723 3490 ταῦτα
757 3428 815 3506 μὲν
848 3427 887 3491 ού
915 3427 1000 3492 πάνυ
1033 3450 1061 3492 τι
1089 3431 1162 3506 περὶ
1194 3429 1333 3496 ἑαυτοὺς

154 3517 275 3583 έςεςθαι
298 3519 373 3596 πρὶν
396 3515 526 3581 ἀκοῦςαι
550 3516 791 3594 κατελπίζομεν,
813 3517 854 3580 τὰ
877 3514 912 3579 δ’
934 3514 1040 3593 ἀγαθὰ
1063 3520 1186 3595 μάλλον
1209 3519 1332 3585 πάντες

113 3605 198 3670 ωάις
225 3607 328 3671 εἰπεῖν
354 3608 581 3685 προςδοκύιμεν
614 3606 666 3669 διὰ
699 3607 758 3684 τὴν
786 3607 920 3684 φυςικὴν
945 3605 1100 3670 οἰκείωςιν
1132 3607 1214 3684 πρὸς
1248 3609 1331 3673 αύτά

156 3692 201 3783 (οἱ
227 3695 369 3775 μὲνγὰρ
393 3695 510 3759 πολλοὶ
538 3693 589 3758 καί
611 3694 706 3773 μείζω
734 3697 801 3758 τῶν
829 3696 976 3759 δυνατῶν
1004 3696 1149 3772 γενέςθαι
1177 3698 1331 3776 κατηλπί-

226 3926 260 3974 20
278 3924 347 3976 ποτὲ
366 3923 499 3989 τυχόντα·
519 3923 713 3988 ὑποτετυχότα
731 3921 768 3989 A,
792 3922 1001 3987 ύποτετυχόντα
1023 3923 1050 3976 Η
1139 3928 1172 3977 21
1196 3925 1248 3978 τὸν
1273 3927 1331 3980 ἀν·

154 3990 238 4049 ἀνΗ
297 3997 332 4047 23
350 3997 416 4061 τὴν·
436 3994 521 4047 immo
539 3993 641 4061 τέχνην
691 3999 725 4047 23
745 3993 823 4047 οὗτοι
842 3995 911 4048 δὲκ·
931 3992 1012 4046 οὗτοί
1029 4010 1061 4048 τε
1117 3991 1179 4065 2617
1199 3997 1244 4049 διὰ
1263 3999 1331 4051 ταύ-

153 4081 204 4133 της
218 4063 317 4134 vulgo·
336 4066 367 4119 δέ
382 4063 527 4132 ταύτηνΑ
577 4071 611 4119 28
625 4070 684 4119 των
704 4065 733 4118 ἐν
748 4063 847 4118 Gaius:
866 4066 920 4130 τὴν
939 4065 969 4118 έν
989 4064 1013 4115 A
1076 4068 1111 4117 30
1130 4067 1286 4121 ςυνιςτάναι
1306 4067 1332 4122 Α

154 4140 187 4189 31
208 4136 250 4188 ἐν·
274 4137 344 4191 εἶναι
367 4137 440 4190 ἐνΑ
504 4143 538 4190 32
556 4133 723 4191 τοςοθτοΑ
792 4139 826 4188 38
849 4135 899 4203 ὑφ’
923 4135 974 4188 ἕκ·
994 4136 1045 4202 ἐφ’
1069 4135 1156 4190 {ms}
1224 4142 1331 4194 39καί

153 4207 217 4260 fort.
237 4206 290 4260 del.
368 4213 402 4261 40
421 4209 554 4263 ἁπάντων
575 4223 628 4262 om.
647 4209 678 4260 Δ.
751 4212 784 4259 41
805 4207 869 4270 μὲν·
890 4221 939 4271 μεν
961 4224 989 4260 τι
1013 4205 1037 4259 G
1059 4211 1122 4276 (pro
1145 4208 1241 4273 μέντοι
1264 4213 1330 4279 422)

152 4283 188 4331 43
207 4281 280 4333 δοκεῖ
299 4280 345 4348 Χρ.
365 4279 433 4335 GH·
453 4282 499 4349 Χρ.
519 4277 544 4330 Α
607 4283 641 4333 46
656 4278 799 4343 γινόμενα·
818 4274 998 4401 sumum>
1010 4279 1134 4343 γενέςθαι
1148 4279 1219 4334 coni.
1240 4278 1332 4404 Ἥξει

153 4350 182 4403 in
205 4367 294 4420 marg.
399 4356 433 4405 50
456 4354 547 4420 φήςει·
572 4352 679 4418 φηςίΑ
772 4353 803 4402 51
846 4349 986 4416 νθρώποις
1009 4352 1046 4403 Α·
1069 4351 1217 4418 ἄνθρωπος
1239 4369 1278 4405 νυ
1291 4368 1330 4421 go

153 4425 187 4476 63
206 4425 256 4490 μέν
275 4424 320 4476 ού·
341 4425 375 4477 οὐ
395 4421 419 4477 G
491 4427 526 4476 54
543 4422 646 4475 πάντες
663 4417 699 4472 Δ·
720 4420 840 4473 ἅπαντες
