2856 4852
112 260 177 327 774
621 260 773 318 INDICES.

147 426 242 479 censet
261 424 352 493 legem
371 422 430 478 vim
448 423 575 478 obtinere
593 426 670 477 reete
725 423 894 492 δρίζεςθαι
907 423 943 475 τὰ
954 423 1089 488 μέλλοντα
1100 426 1142 475 81.
1162 422 1191 475 ἐξ
1202 420 1286 486 ἀνάγ-

147 496 333 564 imperantem
347 495 670 563 prohibentemqueeon-
760 512 809 562 κης
828 497 940 561 ὥριςται
963 495 1013 547 τὸν
1038 495 1086 559 μέν
1109 497 1210 560 πρᾶξαι
1233 494 1286 547 τὸν

147 567 237 622 borio
259 565 313 621 Cio.
334 567 368 620 N.
389 566 421 618 D.
440 567 453 618 1
476 572 521 635 14,
545 573 587 620 36.
625 567 671 620 lex
760 568 790 620 δέ
805 567 842 632 μή
858 571 917 619 118.
935 566 1227 632 προκαταβεβλημέναι
1242 567 1287 618 καί

149 655 221 706 quae
240 640 283 691 est
301 636 372 692 recti
395 639 557 707 praeceptio
579 635 668 707 pravi·
760 638 906 704 άιριςμέναι
929 638 974 690 καί
996 637 1223 704 προυπάρχουςαι
1248 635 1287 688 αἰ-

148 726 201 778 que
225 708 354 778 depulsio
372 707 399 760 ΙΙ
417 715 460 777 31,
481 714 522 763 79.
559 709 603 763 lex
628 709 672 761 est
759 708 815 762 τίαι
837 712 886 762 106

149 781 226 834 rente
245 823 252 834 .
272 822 278 834 .
297 779 370 834 ratio
393 780 533 849 imperans
552 781 672 834 honeste
725 783 839 849 δρμᾶν.
860 780 930 831 κατὰ
939 781 991 845 τὴν
1002 779 1168 846 εἱμαρμένην
1178 779 1214 831 τά
1229 781 1288 847 ζῷα

149 851 301 920 prohibens
317 851 457 905 oontruris
466 850 569 919 Philip.
579 849 616 903 XI
628 855 670 905 23.
761 850 917 905 αίςθάνεται
936 851 982 902 καί
996 851 1021 903 δ.
1036 855 1078 903 54.
1106 851 1210 903 πάντά
1225 853 1288 903 καθ’

148 923 194 977 lex
213 921 291 976 iubet
311 939 344 977 oe
363 939 435 991 quae
458 921 588 977 faciende
607 925 672 975 suut
762 924 851 989 ὁρμὴν
870 923 1017 986 γινόμενον
1036 921 1080 974 ἐπὶ
1093 927 1152 975 τοῖς
1166 922 1288 988 δρμιῑιςιν

149 993 335 1063 prohibetque
350 993 491 1048 contraria
505 994 559 1063 leg.
575 993 671 1062 1318,
763 999 821 1046 101.
849 999 891 1061 τῷ
910 995 975 1061 Ζῴιμ
993 993 1026 1045 τὸ
1045 992 1289 1057 ςυγκατατίθεςθαι

150 1066 184 1120 of.
207 1071 253 1132 193
275 1072 317 1132 12,
336 1071 370 1118 33
762 1067 806 1118 καί
821 1065 845 1119 δ.
860 1065 922 1117 καθ’
932 1063 1098 1131 εἱμαρμένην
1113 1064 1224 1117 δέδοται
1236 1069 1290 1117 110

114 1143 232 1192 νοςεῑν.
266 1137 432 1202 αὐτομάτως
456 1141 497 1189 70.
536 1137 622 1189 contr.
646 1135 673 1189 οἱ
726 1136 811 1205 ὁρμή
831 1141 873 1189 67.
896 1139 955 1188 τῶν
974 1135 1173 1202 ἐνεργημάτων
1187 1137 1223 1188 τὰ
1239 1139 1289 1202 μὲν

149 1206 321 1273 ὑγιαίνοντες
340 1213 391 1261 129
410 1206 427 1261 l.
448 1212 482 1261 35
493 1225 534 1275 sq.
762 1208 830 1261 καθ’
849 1207 872 1259 ὁ.
896 1207 931 1259 τά
955 1207 985 1259 δέ
1008 1208 1041 1259 ού
1063 1211 1121 1260 101.
1159 1208 1231 1260 εἶναι
1253 1210 1290 1261 τὰ

114 1281 218 1334 νόςος.
255 1280 382 1334 homines
414 1279 518 1333 morbis
551 1277 672 1345 obnoxii,
762 1279 817 1332 ὑπὸ
831 1294 916 1331 τινων
930 1279 1054 1341 γενέςθαι
1068 1280 1112 1331 καὶ
1127 1281 1163 1344 μὴ
1181 1280 1290 1333 δυνατὰ

150 1350 339 1420 aegritudines
371 1353 469 1419 portae
506 1353 571 1404 sunt
606 1350 674 1402 dum
762 1351 792 1403 ἐν
810 1355 869 1402 τοῖς
887 1350 949 1402 καθ’
967 1349 991 1402 δ.
1010 1351 1165 1415 γινομένοις
1186 1355 1246 1403 101.
1273 1353 1289 1404 δ

151 1422 225 1475 salus
248 1421 370 1490 peritur,
395 1441 420 1476 ν.
440 1423 510 1474 κατά
529 1423 610 1488 φύςιν
629 1425 672 1476 28.
763 1423 824 1474 καθ’
843 1422 866 1475 δ.
886 1422 1017 1487 ἐνεργῶν,
1035 1423 1053 1487 ἡ
1073 1422 1134 1475 καθ’
1146 1422 1170 1473 δ.
1186 1420 1290 1487 κίνηςις

149 1497 252 1561 ἄδηλος
270 1495 288 1559 ἡ
309 1493 382 1547 αἰτία
401 1499 452 1546 τού
471 1511 496 1547 ν.
517 1498 550 1546 70
764 1498 823 1546 103.
847 1495 864 1558 ἡ
884 1496 943 1544 τῶν
962 1494 1043 1560 ζῴων
1057 1493 1081 1544 ὁ.
1099 1497 1157 1546 109.
1185 1492 1213 1545 αἱ
1228 1495 1291 1546 καθ’

112 1568 228 1621 νότιον
248 1569 297 1616 141
764 1565 788 1618 δ.
803 1563 919 1629 κινήςεις
937 1563 982 1616 διά
999 1567 1058 1616 τῶν
1073 1566 1155 1632 ζῴων
1169 1564 1225 1615 ύπδ
1239 1568 1291 1630 τῆς

113 1643 199 1692 νούς.
219 1637 348 1700 δκδςμος
367 1638 506 1689 διοικεῖται
522 1638 592 1689 κατὰ
605 1642 674 1689 νοῦν
764 1634 928 1701 εἱμαρμένη(
945 1633 1070 1697 γίνονται
1087 1632 1170 1688 1121,
1188 1639 1231 1700 34,
1247 1640 1290 1689 38.

149 1710 194 1761 καὶ
208 1708 342 1774 πρόνοιαν
353 1705 391 1760 εἰς
405 1708 479 1760 ἅπαν
489 1709 577 1760 αὐτού
593 1709 675 1775 μέρος
764 1706 827 1759 αάά.
844 1703 939 1759 dedit.
951 1745 957 1756 .
969 1703 1068 1757 eadem
1082 1707 1183 1759 nature.
1197 1704 1290 1760 beluis

152 1780 297 1845 διήκοντος
319 1784 371 1831 τού
395 1784 446 1832 νού
472 1784 513 1846 17,
539 1777 573 1831 of.
594 1783 619 1832 7.
645 1782 673 1846 (ἡ
764 1779 794 1830 et
808 1791 919 1830 sensum
935 1778 963 1830 et
973 1775 1130 1844 appetitum
1141 1775 1196 1831 Cio.
1211 1777 1246 1830 N.
1257 1778 1290 1832 D.

150 1851 257 1917 ψυχὴῖ)
277 1851 316 1902 δι’
335 1850 375 1902 div
395 1851 444 1915 μὲν
463 1852 502 1903 ὼς
521 1851 574 1904 ἕξις
592 1851 675 1916 κεχώ-
764 1846 790 1899 Π
809 1852 852 1914 47,
874 1852 938 1913 122,
962 1845 1061 1900 bestiis
1081 1889 1087 1900 .
1104 1888 1110 1899 .
1130 1863 1241 1900 sensum
1262 1851 1291 1902 et

150 1938 217 1989 ρηκε
242 1922 277 1974 δι’
295 1921 335 1974 ὧν
355 1922 385 1974 δέ
405 1922 443 1974 ὡς
460 1926 527 1975 νούς
546 1925 578 1974 17
599 1924 676 1991 [νοος
764 1921 873 1973 motum
887 1918 967 1972 dedit
981 1920 1010 1972 et
1024 1933 1088 1972 oum
1102 1919 1226 1987 quodum
1241 1919 1289 1972 ad·

150 1998 210 2047 τῶν
229 1992 352 2059 ἀςτέρων
371 2011 397 2061 p.
418 1992 482 2062 699]
765 1990 857 2059 petitu
871 2005 1013 2043 accessum
1029 2030 1034 2042 .
1049 2032 1055 2044 .
1073 2032 1078 2043 .
1093 2005 1232 2044 recessum
1249 1997 1290 2057 12,

115 2066 225 2120 ὁδούς.
240 2065 408 2130 τὸάδὸντας,
422 2065 515 2128 γένεια
525 2064 606 2130 φύειν
620 2064 676 2116 ἐπι·
766 2066 808 2114 34.
836 2063 853 2126 ἡ
874 2062 935 2114 καθ’
949 2062 973 2113 ὁ.
987 2065 1046 2114 τῶν
1065 2064 1147 2131 Ζῴων
1166 2063 1291 2129 ἐνέργεια

150 2135 256 2200 γίνεται
273 2138 338 2201 ημῖν
353 2135 424 2188 κατά
438 2136 519 2202 φύειν
536 2140 586 2188 129
602 2134 620 2189 l.
632 2141 675 2188 35.
766 2157 799 2177 ==
813 2132 847 2183 τὸ
862 2133 909 2199 ἐφ’
922 2135 987 2199 ἡμῖν
1003 2137 1061 2186 101.
1089 2134 1152 2186 καθ’
1165 2134 1189 2186 ά.
1205 2135 1291 2201 ἀμαρ-

152 2207 214 2262 add.
231 2206 329 2259 dentes
344 2208 373 2259 et
387 2206 565 2274 pubertatem
574 2208 677 2260 nature
765 2205 860 2257 τάνειν
888 2205 932 2256 καὶ
963 2204 1125 2269 βλάπτεςθαι
1151 2206 1196 2274 καὶ
1221 2206 1291 2258 κατὰ

152 2319 181 2332 ..
204 2277 322 2331 existere
347 2274 402 2330 Cio.
428 2277 461 2331 N.
483 2275 516 2331 D.
535 2275 622 2343 1133,
642 2283 676 2332 86
764 2277 818 2341 τὴν
842 2275 937 2327 αὐτῶν
960 2274 1085 2328 δίανοιαν
1109 2277 1154 2328 καί
1173 2277 1291 2329 διάθεςιν

117 2350 251 2404 οἰκεῖος.
284 2346 416 2402 voluntas
448 2351 580 2416 cuiusque
612 2365 675 2417 pro·
766 2351 809 2399 32.
837 2345 1012 2399 voluntarius
1030 2345 1152 2415 impetus
1168 2353 1211 2400 30.
1239 2347 1289 2399 im·

152 2419 214 2489 prio
233 2425 276 2473 31.
302 2421 417 2472 ἕκαςτον
436 2421 467 2472 έκ
485 2424 536 2472 τού
556 2437 580 2474 ο.
600 2420 677 2486 ςπέρ-
766 2419 849 2485 petus
864 2417 1043 2485 actionesque
1058 2416 1289 2472 consiliorum31.

154 2509 240 2558 ματος
258 2492 359 2558 φύεται
380 2496 439 2544 141.
475 2491 502 2544 οἱ
520 2491 565 2543 διὰ
583 2495 634 2557 τῆς
652 2508 676 2543 ο.
768 2487 1038 2568 compulsationibus
1048 2488 1163 2543 lubricis
1173 2490 1290 2544 volvun-

153 2561 305 2628 ἐπιμελείας
330 2561 501 2626 ύγιαίνοντες
526 2566 576 2615 129
595 2560 613 2614 l.
634 2566 677 2614 33.
766 2562 813 2613 tur
831 2576 957 2613 incursus
973 2564 1031 2614 102.
1059 2563 1111 2626 τὴν
1126 2562 1151 2613 δ.
1166 2563 1213 2629 ἐφ’
1226 2565 1290 2628 ἡμῖν

152 2635 294 2699 τελειότης
316 2635 334 2699 ἡ
358 2634 479 2700 ἀκρότης
503 2637 554 2699 τῆς
577 2650 601 2686 ο.
626 2634 677 2701 φύ-
766 2631 920 2698 τάττοιιςιν,
940 2632 984 2684 δτι
998 2633 1077 2699 φύςει
1091 2634 1181 2698 αὐτὴν
1193 2634 1291 2698 ἔχομεν

154 2721 222 2758 ςεως
235 2705 350 2758 έκάςτου
364 2703 383 2757 l.
394 2710 437 2758 43.
461 2702 565 2769 γίνεται
579 2705 614 2757 τὰ
628 2705 678 2771 ὑφ’
770 2707 818 2755 101

154 2776 270 2829 ἑκάςτου
280 2776 412 2840 γινόμενα
422 2777 554 2842 κατάτὴν
565 2776 678 2842 ο.φύςιν
732 2775 830 2832 ἀςτὲα
858 2773 888 2826 έν
915 2779 957 2842 τῷ
980 2775 1044 2843 ζῴῳ
1068 2778 1109 2828 17.
1135 2778 1182 2842 18,
1205 2773 1241 2828 of.
1267 2781 1289 2827 7.

156 2852 206 2900 112
225 2845 243 2898 l.
260 2851 283 2898 8.
314 2847 397 2899 ούδέν
415 2851 473 2899 τῶν
493 2848 563 2900 κατά
581 2850 634 2913 τὴν
653 2864 677 2901 o.
768 2843 938 2898 tenuissimis
966 2844 1138 2914 minutisque
1164 2845 1291 2899 ossiculis

155 2918 237 2986 φύςιν
256 2918 306 2983 ὑφ’
325 2917 440 2970 έκάςτου
459 2919 614 2983 γινομένων
634 2919 679 2971 δύ·
768 2917 855 2983 caput
894 2914 1039 2969 homiuum
1079 2917 1181 2969 nutura
1219 2934 1292 2971 oom-

154 3005 236 3043 ναται
250 2989 340 3041 ἄλλως
354 2989 425 3054 ἔχειν
440 2988 458 3042 l.
475 2994 516 3042 11.
536 2986 679 3057 cylindrus
768 2986 862 3056 pingit
880 2991 914 3040 28

156 3062 255 3129 suopte
279 3063 380 3113 nutura
398 3059 521 3113 volvitur
540 3061 570 3113 et
587 3075 678 3112 verse·
733 3063 771 3115 ού
792 3059 841 3124 μέν
861 3100 867 3110 .
885 3097 891 3109 .
911 3057 968 3126 (oo)
988 3058 1019 3111 δέ
1037 3075 1063 3126 p.
1079 3063 1140 3112 432.
1157 3065 1215 3113 101.
1233 3065 1292 3114 103.

154 3133 208 3199 tur,
228 3129 358 3184 adsensio
378 3134 478 3199 suapte
493 3131 522 3184 vi
537 3132 566 3184 et
578 3131 680 3201 nature
768 3130 833 3186 αάά,
854 3128 930 3185 Stob.
955 3128 1006 3182 eol.
1029 3129 1085 3184 eth.
1104 3130 1130 3183 11
1149 3149 1175 3199 p.
1197 3135 1257 3200 107,
1277 3137 1293 3185 6

155 3204 284 3257 movetur
300 3207 358 3256 147.
385 3202 566 3269 ήεὶμαρμὲνη
581 3206 680 3268 χρῆται
769 3203 799 3257 et
818 3207 851 3255 10
861 3201 905 3253 W.

155 3275 288 3328 ἀπάντων
302 3279 361 3327 τῶν
375 3275 467 3326 ὄντων
476 3280 511 3343 τῇ
523 3291 546 3326 0.
559 3274 638 3340 φύςει
646 3277 679 3325 72
734 3273 861 3340 ούκὲτι,
877 3273 980 3339 μηκέτι.
1000 3274 1096 3339 μηκέτ’
1106 3273 1170 3329 είςὶν
1185 3275 1211 3328 οἱ
1226 3277 1295 3343 φρά-

120 3347 326 3410 οίκονομεῑν.
359 3346 375 3397 δ
394 3346 465 3399 Ζεύς
483 3361 507 3398 ο.
527 3346 627 3398 ἕκαςτα
646 3348 680 3396 48
769 3361 843 3410 νιμοι
851 3349 910 3397 τῶν
921 3344 1116 3409 ἀντικειμένων
1124 3351 1296 3400 κακιῶνταῑς

121 3416 314 3484 οἰκονομία,
333 3419 351 3483 ἡ
366 3422 417 3469 τού
436 3417 540 3469 παντός
555 3421 588 3469 72
603 3414 621 3469 l.
637 3419 679 3470 35.
771 3418 880 3483 ἀρεταῖς
894 3414 1012 3469 δεκτικοί
1028 3420 1079 3469 129
1094 3413 1113 3467 1.
1129 3421 1154 3483 5,
1169 3418 1236 3471 οὐδὲ
1251 3419 1295 3472 έπὶ

157 3488 205 3555 μία
222 3488 298 3542 τάξις
316 3489 361 3540 καί
380 3505 403 3540 ο.
423 3486 441 3538 l.
464 3493 495 3540 17
769 3494 829 3541 τοῖς
847 3492 940 3540 κακοῖς
957 3486 991 3538 τὸ
1006 3487 1102 3552 μηκέτ’
1115 3489 1187 3541 εῑναι
1201 3496 1296 3544 κακοῖς

121 3562 173 3627 οὐχ
196 3558 271 3613 οίόν
295 3576 338 3626 τε,
363 3561 400 3624 μὴ
420 3560 490 3611 εῖναι
509 3561 526 3625 ἢ
547 3561 583 3625 μὴ
602 3574 681 3622 γεγο-
770 3557 789 3610 l.
809 3563 833 3612 7.
866 3561 918 3624 τὴν
942 3558 996 3611 ἕξιν
1025 3558 1120 3623 μηκέτ’
1142 3559 1215 3625 ἔχειν
1244 3564 1296 3614 otu<

156 3632 233 3685 νέναι
251 3631 284 3683 τά
304 3632 337 3683 ὃν
352 3631 396 3682 καί
409 3631 526 3695 γεγονός
541 3635 591 3683 129
605 3628 624 3684 1,
638 3634 681 3682 22.
771 3631 814 3683 ἐπὶ
828 3634 869 3698 τῷ
886 3630 977 3694 ἔχοντι
993 3633 1052 3681 131.
1081 3629 1115 3681 ού
1134 3631 1188 3697 γάρ
1208 3632 1249 3685 ἔτι
1262 3633 1295 3700 (t)

156 3704 207 3755 τὸν
236 3702 301 3755 καθ’
329 3703 418 3768 ὁρμὴν
447 3702 615 3768 ένεργούντα
630 3704 680 3767 κμὴ
770 3706 821 3754 νον
841 3702 884 3753 έπὶ
902 3705 943 3768 τῷ
962 3698 1090 3769 φρονίμῳ
1104 3701 1137 3752 τὸ
1152 3703 1223 3755 εἱναι
1240 3720 1296 3757 τοι·

158 3776 319 3828 ἀκολουθεῖν
333 3779 392 3826 τοῖς
405 3774 508 3827 ἔξωθεν
523 3772 620 3826 αἰτίοις
631 3778 680 3826 103
772 3774 848 3840 ούτψ
869 3776 929 3824 132.
966 3771 1010 3823 έπί
1028 3775 1086 3824 τῶν
1113 3775 1185 3825 θεῶν
1205 3775 1298 3828 οὐκέτ’

122 3848 246 3913 ὄμβρος
266 3848 315 3896 141
772 3843 1029 3911 ἀν(ἠν1)τὸεῑναι
1046 3847 1246 3899 τοιούτοι132.
1273 3846 1297 3899 εἰ

122 3919 275 3982 ὀνόματα
293 3914 454 3982 παρίςταται
469 3916 626 3983 εὐχρήςτως
639 3920 681 3970 49.
772 3917 807 3982 ἦν
831 3915 862 3967 έκ
884 3916 999 3979 γενετῆς
1017 3913 1032 3964 δ
1052 3914 1187 3981 φρόνιμος
1205 3922 1297 3970 τοιού-

158 3989 305 4058 [τέθεινται
330 3987 356 4040 οἱ
374 3988 517 4054 ἄνθρωποι
536 3991 578 4039 45.
613 3987 683 4040 θέςις
772 4002 832 4053 τος,
858 3985 922 4038 οὐδ’
941 3983 1008 4052 (leg.
1033 3986 1108 4052 οὔτ’)
1133 3987 1167 4038 ἀν
1190 3989 1226 4053 ἠν
1250 3989 1298 4041 ἐπ’

158 4061 306 4125 ὀνομάτων
325 4060 370 4126 46]
399 4060 423 4114 ὁ.
447 4064 506 4113 τῶν
524 4062 630 4125 μοιρῶν
648 4061 682 4110 47
773 4058 851 4126 αύτῷ
869 4057 903 4109 τὸ
922 4057 992 4108 εἶναι
1009 4057 1130 4125 τοιούτῳ
1150 4058 1212 4111 οὐδ’
1230 4058 1296 4127 (leg.

124 4131 287 4199 δνομαςία
306 4134 340 4184 49
775 4128 846 4195 οὔτ’)
866 4129 901 4199 ἀν
919 4127 1047 4195 ἐπῃνεῖτο
1066 4128 1106 4180 ἔτι
1128 4134 1177 4181 129
1196 4127 1215 4183 l.
1236 4135 1270 4183 30

124 4205 222 4272 ἀρᾶν,
251 4205 362 4269 ἔχοντες
389 4205 441 4269 τὴν
469 4204 601 4269 ὁρατικὴν
629 4201 684 4254 ἕξιν
739 4199 886 4266 οὐρανός
906 4203 946 4251 17.
968 4203 1000 4252 18

163 4282 213 4330 129
233 4274 252 4328 l.
268 4279 300 4328 79
739 4269 841 4324 ούςία.
869 4271 922 4335 τὴν
946 4271 1014 4336 ὅλην
1034 4286 1058 4325 ο.
1077 4268 1115 4323 εἰς
1136 4274 1193 4338 nup
1216 4288 1297 4338 μετα-

125 4349 289 4417 ὁρατικὴν
304 4346 359 4400 ἕξιν
370 4345 403 4398 ού
418 4345 546 4410 κτώμεθα
555 4343 685 4396 πολλάκις
776 4342 882 4407 βάλλειν
897 4340 959 4394 οἱον
973 4339 1011 4394 είς
1025 4341 1130 4408 ςπέρμα
1142 4347 1183 4395 16.
1208 4360 1232 4396 ο.
1247 4347 1298 4410 τῆς

160 4420 268 4473 ἰδόντες
286 4420 337 4470 129
356 4414 374 4469 l.
391 4419 425 4468 73
775 4413 939 4479 εἱμαρμένης
966 4413 1000 4465 τὸ
1028 4416 1211 4480 ςυνηρτῆςθαι
1240 4421 1298 4469 τοῖς
