2856 4852
623 279 775 338 ικυιοαα.
1022 350 1029 362 .
1224 279 1287 345 779

118 446 243 511 φαύλοι
262 447 339 510 ἡμεῖς
359 448 418 497 149.
440 448 490 499 150

117 518 264 582 φθαρτοί
284 516 309 568 οἱ
328 519 386 568 θεοί
400 518 472 582 πλὴν
486 518 562 583 Διός,
583 518 598 568 6
613 517 676 570 θεόε

152 588 185 639 ού
196 588 297 652 θνητός
308 588 375 640 ἀλλὰ
386 589 542 653 φθαρτός3.
562 591 674 654 φθαρτή

152 660 169 724 6
184 660 264 724 ἡμῶν
278 660 364 725 ψυχή,
379 661 465 725 ἡτῶν
479 660 553 712 ὅλων
568 661 675 726 ἄφθαρ-

151 734 235 781 τος4

117 803 274 868 [φθονεῖν
296 802 358 868 121]

116 872 229 938 φθορά
250 876 290 924 16.
312 876 345 924 16

117 942 371 1012 [φιλανθρωπία
392 948 442 996 128
462 942 631 1011 Stoicorum]

116 1015 353 1080 φιλάνθρωποι
373 1014 399 1067 αἱ
417 1014 476 1068 θεοί
497 1020 519 1069 1.
540 1020 555 1068 2

115 1085 310 1151 φιλονεικία
333 1091 381 1139 118

115 1157 236 1222 φλοιός
256 1161 288 1208 62

115 1234 264 1294 φρονεῖν.
294 1228 337 1280 έπὶ
356 1232 397 1295 τῷ
421 1227 549 1296 φρονίμῳ
570 1230 623 1282 έςτῖ
641 1230 675 1282 τό

152 1317 182 1364 φ.
199 1298 287 1351 καίτοι
303 1301 338 1364 μὴ
352 1299 497 1368 δυναμένῳ
512 1301 545 1352 τό
560 1301 675 1370 αύ(κέτι)

151 1376 266 1435 φρονεῖν
283 1375 341 1422 132.
369 1371 498 1434 όκόςμος
512 1375 585 1439 Ζῷον
604 1373 675 1436 λογι·

152 1443 201 1494 κόν
221 1444 264 1493 καί
283 1446 409 1507 φρονοῦν
430 1446 462 1494 10

114 1532 138 1580 φ
145 1514 226 1580 ρόνη
234 1529 280 1565 ςις
294 1513 348 1565 έςτὶ
363 1513 496 1579 ἑπιςτήμη
507 1514 675 1577 ἀγαθῶνκαὶ

152 1588 244 1636 κακῶν
271 1589 317 1648 27,
344 1585 483 1649 ποιητέων
509 1601 540 1638 τε
568 1587 613 1637 καῖ
642 1589 675 1638 ού

151 1656 292 1720 ποιητέων
303 1659 345 1720 61,
365 1653 400 1708 cf.
414 1655 507 1720 νόμος.
527 1655 676 1724 prudentia

152 1743 207 1778 non
223 1728 296 1779 esset
311 1725 361 1778 nisi
381 1724 454 1779 foret·
468 1727 610 1780 contraria
625 1726 675 1779 im:

152 1796 301 1865 prudentia
309 1803 342 1850 26
354 1798 513 1864 [ἄνθρωπος
523 1799 676 1863 ἐπιδέχεται

151 1867 294 1935 τάναντία,
314 1870 448 1935 φρόνηςιν
467 1872 511 1922 καί
525 1870 675 1937 έπιςτήμην

118 2013 284 2079 φρόνιμα(
303 2012 318 2063 6
333 2011 432 2076 κόςμος
446 2015 470 2067 9.
495 2013 511 2065 6
525 2013 623 2078 κόςμος
637 2011 676 2066 εἷς

152 2088 211 2136 τῶν
230 2100 260 2149 φ.
282 2087 323 2134 10.
348 2082 395 2135 ἐπ’
415 2083 492 2152 αὐτῷ
510 2089 552 2151 τῷ
571 2102 601 2150 φ.
621 2085 676 2137 έςτῖ

152 2156 185 2207 τό
205 2155 275 2207 εῖναι
293 2154 423 2222 τοιούτῳ,
442 2157 495 2220 τὴν
509 2156 565 2208 ἕξιν
580 2156 676 2221 μηκέτ’

152 2227 224 2291 έχειν
244 2227 295 2277 οὐκ
314 2225 362 2277 ἐπ’
376 2226 453 2293 αὐτῶ
470 2230 529 2280 131.
554 2226 630 2295 (έςτι)
645 2244 674 2292 φ.

154 2299 223 2350 εῖναι
243 2294 309 2368 <έπῖ
322 2302 381 2348 τοῖς
395 2292 448 2368 φ.)
465 2296 546 2351 1291.
562 2302 587 2351 4.
613 2298 629 2350 6
644 2315 674 2364 φ.

152 2368 221 2435 πρὸς
239 2368 272 2419 τό
289 2369 413 2431 γενέςθαι
431 2373 561 2422 τοιαύτας
580 2370 676 2435 ευνήρ-

152 2436 235 2504 γηςέν
265 2440 354 2506 αὑτῶ,
386 2439 441 2504 πρό
472 2444 524 2492 τού
552 2441 676 2504 γενέςθαι

152 2515 281 2563 τοιαύτας
295 2511 368 2575 εῖχεν
377 2514 428 2563 τού
439 2526 495 2575 γεν.
506 2528 558 2563 τοι.
569 2512 613 2563 καί
623 2516 675 2564 τού

153 2585 189 2648 μὴ
209 2598 265 2646 γεν,
285 2584 338 2647 τὴν
358 2580 482 2635 έξουςὶαν
503 2587 553 2635 132

119 2656 249 2719 φυλακὴ
276 2653 331 2705 ἔετι
354 2655 390 2718 μὴ
409 2655 605 2706 καθευδόντων
625 2658 675 2705 121

153 2725 334 2791 περιττοτέρα
352 2724 520 2791 τάνθρώπου
540 2743 570 2791 φ.
597 2723 672 2777 reici·

153 2798 200 2849 tur
221 2800 271 2848 116

122 2868 320 2934 φυλάττειν,
335 2867 527 2932 φυλάττεςθοι.
546 2867 597 2920 τὰς
609 2871 677 2920 ναθς

156 2944 214 2991 121.
234 2937 378 3002 θοίμάτιον
394 2942 525 2994 116119.
544 2939 579 2992 τό
592 2955 676 3005 προρ·

153 3011 238 3077 ρηθέν
258 3010 353 3061 αύτοῖς
371 3009 456 3062 κακόν
475 3014 517 3063 96.
545 3010 581 3062 τὰ
599 3009 677 3074 λεγό-

154 3097 222 3146 μενα
237 3085 271 3132 94
286 3078 322 3131 ad
336 3079 353 3131 1.
369 3085 412 3131 22.
431 3086 489 3132 τῶν
504 3080 676 3147 εἱμαρμένων

153 3170 179 3204 τι
200 3157 257 3204 124.
284 3150 394 3217 ποιήςαί
412 3169 439 3203 τι
454 3155 488 3204 94
508 3153 552 3219 [τὸ
571 3152 676 3205 ἐλεύθε-

153 3241 203 3289 ρον
224 3225 268 3275 καί
287 3222 462 3276 αύτεξούςιον
483 3223 544 3289 128]

120 3296 218 3361 φύειν
246 3296 331 3346 παῖδα
356 3298 413 3346 122.
448 3294 464 3346 6
487 3296 542 3360 φύς
561 3318 594 3338 =
612 3300 677 3348 παῖε

156 3371 205 3417 122
226 3367 308 3433 (126).
340 3366 418 3430 ἡμεῖς
436 3364 564 3431 ὀδόντας,
584 3366 676 3429 γένεια

154 3438 263 3503 φύομεν
284 3441 334 3488 129
354 3435 371 3487 l.
392 3441 434 3491 54.
463 3437 514 3501 οὐχ
533 3435 593 3489 οἷός
610 3453 642 3491 τε
660 3439 676 3490 6

155 3511 302 3574 ἄνθρωπος
320 3510 372 3573 τὴν
386 3507 488 3573 ἀρετὴν
503 3512 589 3574 φύναι
604 3506 675 3561 1.46.

154 3582 269 3632 ἕκαςτον
280 3581 373 3647 (Ζῶον)
384 3579 414 3630 έκ
423 3583 474 3631 τού
488 3577 589 3632 οἰκείου
600 3581 676 3646 ςπέρ-

155 3668 240 3715 ματος
255 3651 355 3716 φύεται
367 3655 425 3702 141.
446 3650 461 3701 ό
471 3649 545 3702 λίθος
556 3651 583 3704 ἐξ
594 3651 676 3716 ἀνάγ-

154 3739 202 3789 κης
218 3724 256 3774 ac
269 3722 393 3787 πέφυκεν
408 3721 523 3786 φέρεται
538 3726 589 3773 112
604 3719 622 3775 1.
633 3727 675 3774 21.

68 3810 72 3819 ·
155 3795 187 3846 ού
208 3794 324 3846 δύναται
342 3793 376 3844 τό
396 3794 430 3857 δή
445 3792 570 3857 πεφυκός
587 3794 677 3847 οὕτως

154 3868 299 3931 κινηθῆναι
319 3864 408 3916 ἄλλως
425 3879 485 3916 πως
502 3860 519 3914 l.
537 3867 570 3916 14

120 3936 265 4003 φυςικός.
299 3937 316 4001 ἡ
342 3940 400 3987 τῶν
427 3935 583 4001 ἀνθρώπων
609 3935 677 4001 πρὸς

153 4009 188 4061 τόι
203 4009 272 4060 ἄλλα
281 4010 340 4074 Ζῷα
350 4024 380 4072 φ.
390 4005 533 4059 πλεονεξία
544 4010 594 4058 129
604 4004 623 4059 l.
633 4012 674 4060 68.

154 4077 290 4131 naturalis
305 4075 356 4130 illa
370 4079 399 4130 αἱ
412 4075 571 4130 necessaria
584 4093 675 4130 rerum

154 4148 354 4216 consequentia
379 4147 469 4201 fatum
494 4153 610 4201 vocatur
634 4153 676 4201 30.

154 4219 296 4274 naturales
305 4235 406 4273 causae
415 4236 506 4288 saepe.
519 4235 575 4272 non
583 4236 676 4287 super-

154 4292 263 4346 stitiose
283 4293 331 4345 sad
350 4290 464 4360 physice
482 4296 516 4343 43

120 4366 214 4430 φύςις
227 4368 286 4416 τῶν
301 4364 376 4416 όλων
391 4367 433 4417 37.
452 4367 504 4416 τού
518 4362 675 4416 παντός41.

154 4439 171 4503 6
197 4437 274 4501 κοινὴ
299 4452 329 4501 φ.
353 4436 398 4487 καί
421 4435 437 4487 6
461 4435 552 4488 κοινός
575 4437 626 4500 τῆς
645 4452 675 4501 φ.

765 444 847 509 λόγος
866 449 908 498 37.
932 444 1003 497 κατὰ
1022 462 1052 511 φ.
1068 468 1102 489 -=
1117 446 1178 499 καθ’
1195 443 1287 511 εἱμαρ-

765 517 851 582 μένην
875 520 917 569 52.
954 514 988 569 τὸ
1014 517 1198 582 a6cs1==s6
1221 517 1288 570 καθ’

764 586 931 653 εἱμαρμένην
941 592 983 640 64.
1009 589 1027 652 6
1047 586 1195 653 εἱμαρμένη
1209 588 1254 640 καί
1268 589 1285 653 6

764 676 795 725 φ.
806 661 850 711 καί
860 660 876 710 6
886 660 968 722 λόγος
978 658 1041 710 θεός
1052 663 1083 711 72
1094 656 1113 712 1.
1124 663 1166 711 32.
1186 658 1288 711 natura

764 745 857 782 rerum
872 729 916 782 vel
931 727 1110 798 providentia
1120 733 1161 782 28.
1181 728 1288 796 (προαί-

763 803 862 870 ρεςιςῖ)
881 802 990 867 φύςεως
1004 804 1047 853 24.
1073 801 1152 868 φύςει
1166 799 1287 867 ὀφείλειν

764 872 838 925 αἴτια
847 870 967 937 γίνεςθαι
976 877 1018 925 60.
1033 887 1179 925 causarum
1191 888 1219 924 n.
1229 869 1288 924 effi·

765 941 936 997 siendi143.
975 944 1057 997 οὐδέν
1083 943 1223 996 ἀδύνατον
1246 943 1289 995 δεῖ

763 1015 839 1081 παρὰ
861 1018 912 1080 τῆς
935 1032 965 1080 φ.
990 1015 1116 1068 ἀπαιτεῖν
1137 1018 1186 1067 129
1206 1012 1225 1066 l.
1244 1019 1286 1066 42.

766 1088 842 1149 (τούς
859 1086 966 1138 πάντας
984 1087 1002 1152 ἢ
1021 1088 1088 1138 τούς
1105 1084 1249 1139 πλείςτους
1262 1102 1289 1137 τι

764 1158 848 1225 ἔχειν)
865 1162 924 1209 τῶν
943 1158 1013 1210 κατὰ
1030 1176 1059 1224 φ.
1075 1157 1230 1222 γινομένων
1245 1172 1290 1220 ςη-

766 1229 842 1294 μεῖόν
862 1228 932 1281 έςτιν
950 1227 969 1279 1.
989 1232 1031 1280 66.
1059 1229 1093 1280 τό
1111 1228 1187 1294 πορά
1206 1228 1289 1294 φύειν

765 1304 800 1352 23
825 1299 908 1367 [136].
946 1316 975 1365 φ.
1003 1302 1048 1352 καῖ
1075 1300 1222 1365 ποιότητες
1245 1301 1287 1351 54.

765 1372 852 1436 ψυχαὶ
872 1371 907 1437 (6
931 1372 975 1423 καί
994 1388 1024 1437 φ.
1045 1375 1087 1423 26.
1121 1370 1194 1438 (οὐκ)
1214 1370 1289 1423 ἐνδέ-

765 1458 842 1507 χεται
866 1443 952 1507 ἀλλην
976 1459 1006 1508 φ.
1027 1443 1096 1495 εῖναι
1121 1443 1165 1494 καί
1189 1443 1290 1494 ἄλλους

766 1514 882 1578 κόςμους
892 1516 934 1565 23.
959 1514 974 1565 6
989 1513 1087 1578 κόςμος
1106 1513 1221 1579 κατέετη
1237 1513 1289 1579 φύ-

766 1601 803 1638 ςει
821 1584 973 1648 ἀνελλιπῶς
991 1589 1034 1637 23.
1064 1582 1210 1637 hominum
1229 1599 1287 1636 aor-

765 1671 834 1723 pora
853 1655 954 1708 natura
975 1653 1055 1709 finxit
1073 1660 1115 1709 28.
1154 1655 1288 1724 (ingania)

766 1728 831 1780 sunt
849 1743 899 1794 per
917 1726 1046 1778 naturam
1068 1725 1197 1793 primitus
1216 1727 1288 1779 salu·

765 1795 854 1851 briter
862 1794 1025 1864 utiliterque
1035 1796 1103 1850 ficta
1110 1801 1151 1852 30.
1172 1798 1287 1866 (δῶρον)

764 1869 840 1935 παρὰ
858 1872 909 1934 τῆς
927 1867 1023 1936 (θείας)
1043 1886 1073 1934 φ.
1088 1870 1169 1937 ἔχειν,
1188 1868 1289 1933 λαμβά-

764 1956 823 1993 νειν
839 1939 921 1994 1291.
938 1945 979 2002 31,
999 1940 1054 1992 ὑπὸ
1068 1943 1118 2005 τῆς
1132 1958 1162 2007 φ.
1179 1941 1289 1993 δέδοται

765 2011 840 2065 128.
866 2012 943 2063 ἄλλοι
962 2012 1054 2064 ἄλλαις
1073 2029 1103 2078 φ.
1124 2011 1290 2065 οἱκειοθνται

766 2089 808 2136 66.
842 2082 942 2134 natura
970 2098 987 2134 a
1014 2084 1115 2135 natura
1142 2081 1229 2136 distat
1256 2099 1290 2136 ex

765 2152 957 2206 differentibus
982 2152 1071 2206 causis
1093 2158 1135 2208 65.
1173 2153 1201 2206 αῖ
1224 2155 1290 2207 κατ’

766 2227 839 2279 εῖδος
848 2229 907 2278 τῶν
917 2226 1009 2277 όντων
1025 2226 1158 2291 διαφοραί
1171 2226 1222 2278 τὰς
1230 2229 1289 2278 τῶν

765 2315 795 2363 φ,
825 2297 919 2349 αὐτῶν
952 2296 1088 2362 διαφορὰς
1122 2297 1289 2349 δεικνύουςιν

767 2372 817 2420 112
832 2366 850 2420 l.
861 2371 885 2419 8.
912 2369 930 2433 ἡ
951 2367 1020 2420 κατὰ
1034 2384 1064 2433 φ.
1080 2365 1188 2434 κὶνηςις,
1207 2369 1224 2433 6
1239 2371 1290 2433 τῆς

766 2440 897 2506 κινήςεως
919 2436 1051 2505 φ.1.19.
1080 2439 1132 2503 αιἰχ
1155 2438 1181 2491 αἱ
1208 2439 1290 2491 αύταὶ

765 2528 795 2577 φ.
810 2514 869 2563 τῶν
883 2510 1016 2575 ἐμψύχων
1036 2510 1080 2562 καί
1099 2514 1157 2563 τῶν
1172 2510 1289 2577 ἀψύχων

765 2582 825 2634 ἀλλ’
843 2581 909 2634 οὐδέ
927 2585 986 2634 τῶν
1005 2580 1138 2646 ἐμψύχων
1156 2580 1290 2633 ἁπάντων

765 2651 783 2705 l.
804 2657 828 2704 ό.
862 2650 891 2705 in
914 2651 1022 2705 naturis
1046 2649 1190 2705 hominum
1210 2651 1289 2704 dissi·

766 2721 938 2776 militudinas
949 2723 1013 2775 sunt
1021 2726 1063 2776 66.
1078 2725 1096 2789 ἡ
1107 2740 1138 2789 φ.
1148 2723 1200 2788 οὐχ
1207 2721 1290 2788 ὁμοία

765 2795 880 2847 πάντων
904 2794 963 2847 ἀλλ’
986 2795 1041 2859 ἔχει
1065 2793 1205 2860 διαφοράν
1232 2799 1288 2847 111.

766 2864 794 2918 αἱ
808 2882 838 2931 φ.
854 2867 945 2931 έτεραι
959 2868 1004 2917 καὶ
1019 2866 1150 2932 διάφοροι
1165 2869 1215 2918 112
1230 2863 1249 2920 l.
1262 2869 1288 2918 4.

765 2935 870 3001 γίνεται
893 2937 929 2989 τὰ
951 2937 1005 3002 ὑφ’
1024 2936 1139 2989 έκάςτου
1158 2937 1290 3001 γινόμενα

741 3046 744 3053 -
766 3008 836 3061 κατὰ
854 3011 907 3074 τήν
927 3006 1030 3060 οἰκείαν
1049 3025 1078 3073 φ.
1101 3011 1150 3061 112
1169 3007 1188 3061 l.
1203 3013 1229 3074 9,
1248 3012 1288 3060 11.

766 3078 852 3131 οἰκεῖα
871 3097 901 3145 φ.
920 3078 1008 3158 λίθου,
1026 3079 1122 3145 πυρός,
1141 3081 1215 3160 Ζῴαυ
1229 3078 1248 3132 1.
1264 3084 1289 3132 9.

767 3149 1289 3288 &1666ss666066113

767 3291 936 3346 extrinsecus
950 3292 1032 3361 pulsa
1046 3292 1173 3347 movetur
1189 3298 1247 3346 147.
1271 3294 1289 3359 6
1311 3352 1316 3361 ,

766 3363 914 3430 εἱμαρμένη
937 3368 1036 3430 χρῆται
1058 3370 1093 3432 τῇ
1119 3363 1205 3432 οἰκείᾳ
1223 3364 1290 3417 πάν-

765 3451 825 3488 των
843 3453 873 3501 φ.
895 3440 927 3489 72
946 3434 965 3488 l,
980 3440 1022 3488 36.
1049 3435 1169 3488 ἀεθενείε
1186 3437 1238 3501 τήν
1258 3452 1289 3501 φ.

767 3506 853 3560 contr.
882 3506 913 3559 έκ
941 3525 971 3573 φ.
1000 3505 1114 3570 ύγιεινοὶ
1139 3505 1225 3559 1291.
1246 3511 1289 3558 32.

765 3579 905 3641 τελειότης
927 3580 945 3644 ἡ
964 3577 1050 3644 ἀρετὴ
1070 3579 1114 3630 καί
1132 3579 1150 3643 6
1169 3578 1290 3644 ἀκρότης

766 3653 817 3715 τῆς
835 3648 936 3702 οἰκείας
957 3666 986 3714 φ.
1008 3648 1122 3701 έκάςτου
1142 3647 1160 3701 l.
1180 3653 1221 3701 44.
1255 3650 1288 3701 τό

765 3726 940 3787 περιπατεῖν,
970 3720 1003 3771 τό
1032 3719 1165 3786 όδόντας,
1197 3720 1290 3785 γένεια

766 3793 849 3859 φύειν
864 3790 1031 3854 ἐπιγίγνεται
1044 3793 1109 3856 ἡμῖν
1124 3792 1194 3843 κατὰ
1208 3793 1290 3857 φύςιν

766 3862 783 3917 l.
804 3867 846 3916 64.
876 3863 927 3915 τὰς
945 3862 1044 3927 ἀρετὰς
1063 3862 1093 3914 έκ
1111 3863 1220 3928 φύςεως
1238 3864 1289 3915 αύκ

766 3936 873 4000 ἔχομεν,
894 3933 921 3986 αἱ
939 3934 1035 4000 ἀρεταῖ
1054 3933 1106 3998 οὐχ
1123 3935 1188 3998 ἡμῖν
1203 3934 1288 4000 ύπάρ-
1376 3982 1382 3989 .

766 4021 850 4072 χαυςι,
869 4004 974 4071 πάρειςι
993 4001 1102 4070 φύςειΙ
1129 4009 1171 4071 40,
1187 4009 1229 4070 61,
1245 4009 1287 4057 84.

765 4079 783 4143 ἡ
812 4094 842 4143 φ.
872 4077 901 4129 έν
930 4076 1088 4142 ἀνθρώποις
1116 4075 1204 4127 αἱτιον
1231 4082 1290 4129 τοῖς

766 4148 1003 4214 ἁμαρτανομένοις
1023 4151 1081 4199 134.
1105 4146 1290 4213 ἁμαρτήματα

767 4220 810 4271 καῖ
825 4220 1028 4285 κατορθώματα
1042 4217 1113 4270 κατὰ
1127 4235 1157 4284 φ.
1173 4222 1214 4270 54.
1237 4221 1289 4272 ούκ

766 4291 916 4355 ἀςύμβολας
930 4292 947 4356 ἡ
963 4308 993 4356 φ.
1007 4295 1048 4357 τῷ
1063 4289 1203 4358 ἀνθρώπῳ
1220 4291 1289 4356 πρὸς

765 4363 818 4427 τὴν
836 4364 888 4427 τῆς
905 4362 1006 4427 ἀρετῆς
1025 4363 1117 4426 κτῆςιν
1139 4365 1188 4413 129
1207 4359 1226 4413 1.
1245 4366 1288 4414 46.

766 4432 822 4498 ἔχει
830 4432 906 4499 παρὰ
918 4433 1026 4500 φύςεως
1036 4433 1152 4497 δύναμιν
1162 4434 1289 4499 δεκτικὴν
