2856 4852
114 278 180 346 698
562 280 692 337 Allredus
711 279 834 336 Carcher

113 468 217 527 pugna
237 442 332 532 (Sext.
346 450 380 509 Ε.
395 450 462 512 adr.
476 450 568 511 math.
583 450 625 508 IX
642 452 704 510 107
717 440 785 530 sq).
822 449 925 527 itaque
940 450 1088 511 Zenonem
1108 451 1147 509 ad
1166 452 1283 512 verbun
1324 514 1327 519 ,

113 540 233 600 ridetur
252 540 435 616 expressisse
454 538 651 617 Chrysippus,
670 539 800 598 alterum
818 541 921 599 utrum
940 538 1143 616 Apollodorus
1163 543 1195 600 et
1210 540 1283 601 Posi·

113 630 232 703 deuius,
256 628 381 690 liberius
405 628 563 706 rariusque
586 628 755 704 Antipater.
796 647 872 705 quae
902 648 969 688 cum
994 629 1200 707 reputaveris,
1230 630 1283 690 ubi

113 737 239 795 eumque
265 736 283 778 a
305 718 441 795 Diogene
465 720 497 778 et
520 717 721 795 doxographis
745 735 822 776 unus
848 718 1018 794 appellatur
1041 721 1160 796 auctor,
1188 721 1285 796 plures

111 808 161 868 vel
180 807 314 868 consulto
333 809 382 869 vel
401 810 518 868 temere.
531 825 597 867 esse
616 806 741 867 omissos
760 809 856 884 recte,
873 811 956 883 puto,
979 807 1147 868 concludes.
1185 809 1282 869 harun

112 896 206 974 igitur
230 896 401 973 opinionum
425 897 571 972 omnium,
593 914 691 974 neque
713 895 827 972 primus
851 899 956 957 auctor
981 916 1077 973 neque
1096 896 1226 958 ultimus
1246 899 1283 957 de

112 986 213 1046 fensor
231 985 291 1045 fuit
312 984 510 1067 Chrysippus,
535 1004 632 1062 neque
655 987 703 1045 est
725 1004 779 1044 cur
801 984 932 1045 Stoicam
956 985 1037 1046 illius
1057 986 1228 1046 doctrinam
1248 1006 1283 1047 ac·

113 1075 246 1136 curatius
264 1075 454 1152 explicemus,
473 1072 653 1151 praesertim
675 1093 743 1134 cum
766 1075 820 1134 hac
843 1075 964 1151 quidem
986 1075 1017 1135 in
1040 1094 1073 1134 re
1100 1077 1285 1152 quaestiones

113 1183 236 1242 prorsus
261 1165 386 1227 solverit
409 1164 567 1224 Eduardus
591 1163 697 1226 Zeller.
738 1164 775 1223 de
799 1182 858 1223 uno
883 1164 1052 1242 fragmento
1073 1167 1116 1224 24
1136 1165 1218 1226 infra
1237 1166 1287 1236 dis·

112 1252 236 1332 putabo.

371 1465 396 1513 2.
425 1457 576 1528 Chrysippi
593 1457 629 1514 de
647 1457 737 1514 libero
756 1457 872 1514 arbitrio
891 1457 1029 1514 doctrina.

201 1571 244 1631 Vt
263 1573 467 1650 Diogenianus
490 1572 664 1650 indignatus
688 1576 735 1633 est
756 1573 802 1632 ita
820 1576 957 1634 nostrum
976 1576 1190 1653 unusquisque,
1209 1580 1290 1653 puto,

114 1662 139 1721 si
158 1664 328 1738 generalem
352 1662 501 1723 audiverit
524 1663 691 1722 doctrinam
712 1662 744 1720 in
767 1663 866 1738 priore
891 1663 927 1722 de
951 1663 1013 1723 fato
1039 1664 1117 1724 libro
1141 1667 1292 1741 prolatam

113 1771 132 1810 a
150 1750 333 1828 Chrysippo,
358 1750 530 1828 mirabitur,
554 1751 632 1827 quod
651 1752 683 1811 in
701 1753 797 1811 altero
816 1769 939 1827 prorsus
958 1753 1138 1813 contrariam
1158 1756 1291 1831 prodidit

113 1840 285 1917 aliquidque
309 1859 375 1901 esse
398 1841 428 1899 in
450 1840 621 1900 hominibus
644 1841 717 1916 ipsis
741 1840 832 1899 situm
851 1842 1012 1902 contendit.
1055 1842 1112 1903 hac
1129 1843 1162 1903 in
1179 1863 1215 1903 re
1235 1864 1290 1905 non

113 1928 245 1990 Stoicum
270 1948 302 1989 se
325 1930 451 2006 praebet
477 1930 529 1989 sed
551 1930 650 2006 ipsum
673 1927 887 2008 Chrysippum,
911 1930 1021 2007 quippe
1045 1932 1096 2010 qui
1124 1935 1289 1994 sententias

113 2036 237 2095 prorsus
256 2019 370 2079 alienas
389 2018 593 2079 conciliaverit
610 2018 823 2094 opinionesque
841 2024 1008 2079 ceterarum
1028 2023 1215 2098 scholarum,
1240 2025 1289 2082 im-

112 2106 218 2185 primis
243 2107 417 2168 Aristotelis
441 2115 477 2168 ut
499 2107 633 2186 videtur,
652 2108 828 2183 disciplinae
847 2110 1012 2184 antiquitus
1032 2109 1090 2170 sibi
1110 2112 1245 2176 traditae
1263 2116 1289 2173 et

114 2195 268 2256 stabilitae
287 2197 330 2257 ita
349 2196 531 2273 adiunxerit,
550 2199 587 2256 ut
604 2215 713 2258 novam
732 2197 882 2257 exstitisse
901 2198 1060 2258 factionem
1078 2203 1176 2276 putes.
1205 2202 1288 2260 uimi-

113 2305 180 2346 rum
198 2287 385 2346 voluntatem
404 2285 558 2346 hominum
575 2285 716 2346 iuducere
734 2305 794 2346 non
811 2287 923 2362 potuit,
942 2287 1001 2345 nisi
1020 2290 1145 2365 expulsa
1162 2291 1289 2351 necessi·

114 2378 178 2435 tate
197 2375 294 2434 fatum
312 2375 417 2450 posuit
431 2374 538 2434 seriem
553 2393 619 2435 esse
633 2393 792 2436 causarum
806 2376 998 2436 naturalium.
1028 2377 1082 2438 has
1100 2378 1196 2454 igitur
1216 2383 1287 2440 tam·

113 2483 203 2542 quam
228 2463 335 2541 cuique
357 2464 402 2524 rei
424 2465 637 2540 praecedentes
660 2465 704 2524 ita
728 2464 877 2542 distinxit,
901 2467 935 2524 nt
958 2466 1033 2525 alias
1056 2468 1239 2543 principales
1262 2473 1287 2528 et

113 2554 261 2630 perfectas
280 2553 310 2612 in
329 2553 416 2614 nobis
441 2554 515 2614 sitas
540 2553 658 2614 efficere
675 2554 823 2631 actiones,
849 2553 925 2614 alias
944 2554 1121 2616 adiuvantes
1139 2559 1288 2619 contineu-

112 2647 219 2721 tesque
237 2660 357 2703 movere
382 2644 464 2718 ipsas
487 2643 557 2703 illas
580 2642 705 2704 diceret:
729 2644 793 2704 sine
816 2644 863 2703 his
887 2644 966 2703 enim
988 2646 1086 2705 causis
1105 2646 1287 2707 extrinsecus

114 2731 318 2793 accidentibus
331 2733 429 2809 neque
442 2732 622 2809 principales
638 2751 743 2794 causas
758 2732 822 2792 fieri
833 2752 930 2810 neque
944 2734 1086 2796 actiones.
1109 2735 1213 2812 itaque
1228 2738 1288 2798 vise

115 2821 298 2880 extrinsecus
317 2821 478 2897 recipimus
499 2816 609 2900 (neque
624 2821 776 2882 dubitavit
789 2821 974 2899 Chrysippus
993 2823 1047 2881 illa
1065 2823 1171 2883 fatalia
1190 2827 1289 2901 appel·

112 2911 176 2969 lare
200 2908 310 2987 quippe
333 2928 410 2986 quae
434 2928 451 2969 e
473 2913 577 2977 nostm
600 2909 725 2970 arbitrio
750 2913 831 2970 certo
849 2929 909 2970 non
931 2904 1109 2991 pendeant);
1134 2913 1192 2987 ipsi
1217 2918 1289 2974 tam·

114 3018 204 3075 quam
227 2998 349 3058 illorum
373 2999 487 3058 iudices
506 3002 560 3058 aut
577 2998 764 3058 adsentimus
782 3001 835 3058 aut
855 3000 1032 3075 respuimus.
1068 2999 1124 3060 hoc
1148 3002 1289 3063 iudicium
1327 3062 1329 3069 ,

115 3088 282 3148 animorum
301 3089 418 3148 ratione
435 3091 509 3165 puto
529 3090 561 3148 et
579 3087 764 3163 experientia
781 3087 846 3148 fieri
865 3091 949 3148 ratus
969 3091 1030 3166 est3
1049 3108 1156 3150 nomen
1170 3092 1198 3150 ei
1210 3110 1289 3166 cup

114 3174 312 3238 καταθέεεω(
341 3168 595 3259 (adprobationis)
623 3176 743 3253 indidit3
778 3181 809 3237 et
835 3177 975 3253 Epicurei
993 3180 1182 3255 posteriores
1216 3183 1291 3242 hanc

114 3286 216 3327 vocem
230 3270 452 3342 usurpaverunt
466 3270 497 3327 et
511 3264 681 3326 Alexander
694 3267 862 3342 promiscue
876 3285 912 3327 ea
925 3286 998 3328 usus
1012 3271 1060 3327 est
1074 3268 1291 3344 significatione

114 3359 205 3433 atque
224 3353 386 3431 προλήψει
406 3347 457 3434 (de
475 3355 539 3414 fato
558 3372 582 3416 e.
598 3357 637 3413 11
659 3374 689 3430 p.
708 3357 750 3416 36
766 3347 824 3437 0.).
856 3357 949 3416 talem
966 3356 1061 3433 igitur
1081 3358 1290 3432 probationem

113 3445 296 3522 negantibus
315 3443 501 3504 Academicis
519 3444 725 3520 principaliter
742 3464 761 3504 a
778 3445 864 3506 nobis
888 3445 1007 3504 institui
1024 3464 1085 3506 non
1103 3448 1181 3507 male
1201 3450 1291 3511 dixit:

114 3537 204 3611 putas
223 3535 280 3594 hac
298 3536 423 3611 totaque
441 3534 538 3594 libera
555 3533 712 3594 voluntate
730 3534 796 3593 tolli
819 3537 851 3593 et
868 3533 965 3594 fatum
984 3553 1020 3594 ex
1038 3537 1218 3597 aeternitate
1238 3540 1292 3600 im-

114 3625 247 3700 pendens
267 3625 299 3683 et
317 3622 554 3684 divinationem?
591 3621 622 3680 id
641 3641 709 3681 oum
727 3623 870 3700 Megarici
893 3623 1103 3701 intellegerent
1120 3644 1217 3702 neque
1236 3631 1292 3706 igi-

115 3716 165 3772 tur
193 3713 314 3773 valente
342 3712 406 3772 fato
432 3711 520 3771 utilia
547 3730 613 3772 esse
640 3712 761 3772 oracula
789 3712 958 3790 Chrysippo
986 3714 1150 3788 obicerent,
1183 3716 1231 3777 hio
1261 3721 1292 3779 id

114 3803 214 3878 ipsum
232 3798 400 3878 praevideri
419 3801 482 3861 fato
498 3803 530 3860 et
543 3819 602 3860 una
620 3802 788 3877 computari
805 3802 981 3862 affirmavit:
1001 3803 1187 3864 condiciones
1200 3826 1291 3883 quas·

115 3893 185 3951 dam
202 3890 267 3950 fato
285 3890 363 3962 dari,
387 3889 574 3950 voluntatem
597 3893 731 3951 nostram
750 3895 781 3952 et
799 3891 958 3951 arbitrium
977 3911 1139 3969 omnesque
1157 3896 1290 3959 actiones

115 3975 346 4054 (υνειμαρμένα
360 3970 570 4061 (confatalia)¹
589 3998 655 4040 esse
673 3981 867 4055 asseveravit,
885 3984 920 4040 ut
937 3981 1057 4040 illorum
1073 3976 1174 4055 λόγον
1188 3978 1291 4059 ἀργὸν

115 4068 284 4130 retardaret
307 4069 356 4128 vel
378 4071 555 4130 removeret
594 4068 674 4129 idem
697 4071 775 4148 quod
806 4074 911 4131 contra
937 4071 1103 4148 Megaricos
1132 4071 1291 4136 Aristoteli

116 4159 262 4234 quaedam
282 4176 369 4233 posse
388 4162 420 4218 et
437 4158 502 4218 fieri
521 4161 553 4218 et
569 4177 629 4219 non
647 4158 713 4219 fieri
731 4160 876 4220 concessit
894 4160 938 4219 ite
955 4159 1075 4220 videtur
1093 4161 1238 4239 docuisse,
1258 4167 1291 4224 ut

115 4246 271 4325 possibilia
289 4266 406 4325 quoque
425 4242 688 4324 (υγκαθειμάρθαι
706 4251 844 4324 poneret:
862 4249 1035 4309 testimonia
1052 4249 1168 4311 desunt.
1191 4270 1289 4331 neque

192 4407 204 4454 1
226 4400 365 4458 Similiter
383 4401 576 4473 excogitatum
595 4401 639 4456 est
656 4399 804 4455 mirificum
820 4400 892 4455 illud
905 4401 1127 4470 παρειμαρμένον
1141 4405 1216 4472 quod
1229 4405 1290 4461 Ari·

120 4470 216 4528 stoteli
236 4474 265 4544 (l)
285 4473 422 4531 adtribuit
439 4471 554 4530 Proclus
574 4471 616 4545 (in
632 4470 705 4528 Plut.
723 4471 795 4530 Tim.
814 4491 841 4543 p.
860 4478 926 4543 822,
944 4490 972 4544 p.
993 4477 1044 4529 l88
1063 4471 1165 4543 Sohn.).
