2856 4852
225 257 291 325 ’ἴω
613 260 616 271 ¹
682 258 814 315 Alfredus
832 258 951 317 Gerolxe:

225 422 346 490 παντὸς
365 420 570 490 ἀνεπίδεκτοε
589 428 697 489 κακοῦ.
732 422 773 488 τὰ
796 425 831 489 δὲ
856 427 911 504 τῆ(
930 428 1038 505 μικτῆι
1062 423 1125 490 itu
1143 423 1272 505 corrue
1293 423 1393 506 brues

225 511 408 593 ἄνθρωπος,
432 514 468 580 ὃ(
492 514 672 593 ἐπιδέχεται
694 511 862 594 τάναντία,
890 512 1046 594 φρόνηαν
1069 513 1121 578 καὶ
1144 511 1336 595 ἀφροιύνην
1351 565 1358 580 .
1372 563 1396 581 ..

225 604 276 667 καὶ
295 602 458 669 suveldun
477 602 600 683 φάναι.
616 656 622 669 .
638 601 775 683 ,ἀρετὴν
795 603 845 668 καὶ
863 602 984 668 κακίαν.
1013 608 1153 668 cohaeret
1170 609 1316 669 nimirum
1329 609 1395 669 baso

225 697 359 757 doctrina
382 716 449 757 cum
473 697 618 757 educandi
640 697 769 772 ratione,
799 698 940 773 quoniam
963 697 1065 758 dimna
1086 697 1141 756 illa
1163 701 1230 758 arte
1253 697 1343 775 pueri
1364 699 1395 758 sd

224 787 335 847 bonum
358 786 548 846 adliciuntur.
585 787 687 864 itaque
710 785 895 863 Chrysippus
918 787 1050 847 nutrices
1076 787 1138 846 iam
1160 806 1214 864 per
1236 788 1396 847 triennium

224 876 261 935 iis
278 875 382 934 datum
396 875 556 935 infantium
570 879 686 936 mentes
700 876 862 936 informare
878 895 968 952 quam
982 876 1104 952 optimis
1117 876 1268 937 institutis
1285 867 1395 956 (Quint

224 965 283 1039 Il,
299 956 356 1046 16)
379 965 468 1024 iussit
492 967 611 1024 secutus
635 965 794 1026 Platonem
818 956 906 1047 (Rep.
920 965 951 1024 ΙΙ
964 987 993 1042 p.
1011 967 1074 1026 377
1087 965 1122 1042 B,
1145 966 1182 1024 cf.
1196 965 1343 1026 Ps.·Plut.
1366 965 1397 1027 de

224 1054 275 1112 lib.
291 1054 335 1116 ed.
351 1072 374 1114 c.
390 1056 408 1114 5
424 1074 453 1130 p.
468 1046 545 1135 3P).
583 1053 782 1115 dissentiebat
800 1054 838 1114 ab
857 1055 914 1114 hoc
932 1055 963 1113 in
981 1055 1068 1131 parte
1089 1073 1137 1129 ea,
1161 1055 1240 1131 quod
1269 1054 1398 1130 corporis

224 1162 326 1202 curam
351 1144 447 1203 multo
470 1146 540 1203 aute
563 1143 659 1219 ipsam
687 1144 877 1204 nativitatem
906 1162 973 1204 esse
995 1143 1211 1204 instituendam
1238 1143 1399 1204 iudicabat

224 1233 280 1291 hac
303 1234 334 1290 in
357 1252 391 1297 re
415 1251 482 1291 cum
500 1232 627 1292 Platone
653 1235 736 1293 stans
755 1233 933 1293 Posidonius
957 1232 1044 1292 illum
1065 1233 1260 1294 vehementer
1285 1233 1398 1310 vitupa

223 1321 312 1397 ravit,
329 1324 431 1381 tamen
449 1320 514 1398 ipse
533 1324 640 1398 quarto
659 1321 772 1382 decimo
788 1322 907 1382 demum
923 1322 1004 1382 ritae
1018 1341 1095 1383 anno
1109 1341 1272 1398 puerorum
1285 1330 1399 1383 mentes

225 1402 276 1492 (τὸ
304 1406 496 1492 λογιιτικὸν)
529 1411 630 1471 valere
657 1410 802 1471 iudicavit
830 1402 949 1492 (Galen.
975 1410 1013 1471 de
1041 1413 1081 1488 pl.
1102 1411 1193 1487 Hipp.
1221 1415 1253 1470 et
1280 1411 1399 1479 Platll

223 1521 253 1576 p.
268 1501 332 1559 466
345 1491 416 1582 sq.);
440 1518 570 1576 quanam
588 1501 688 1560 aetate
705 1501 868 1561 liberorum
886 1502 1027 1560 naturam
1046 1503 1136 1577 atque
1154 1500 1286 1561 indolem
1306 1519 1400 1562 corro-

224 1590 361 1649 boratam
381 1608 447 1649 esse
462 1587 646 1666 Chrysippus
661 1589 818 1666 censuerit,
836 1589 994 1666 nescimus,
1014 1592 1095 1649 certo
1111 1592 1181 1665 post
1194 1601 1307 1649 annum
1323 1591 1400 1651 vitae

224 1678 357 1739 tertium.
395 1679 459 1738 sine
478 1679 569 1738 dubio
588 1697 690 1739 omnes
709 1679 843 1739 homines
863 1677 976 1738 discere
994 1679 1139 1738 virtutem
1163 1679 1273 1739 debere
1293 1680 1400 1752 docuit,

204 1823 214 1832 .
224 1767 255 1833 id
274 1767 354 1843 quod
372 1786 408 1826 ex
426 1767 539 1826 Laertii
557 1768 668 1843 placito
688 1760 761 1848 (VH
773 1771 812 1828 91
830 1764 981 1842 διδακτὴν
995 1765 1054 1842 τὴν
1068 1759 1200 1848 ἀρετήν)
1219 1786 1280 1827 non
1295 1769 1401 1845 elucet,

224 1857 326 1933 itaque
345 1857 370 1916 si
389 1857 455 1933 quis
475 1857 563 1920 homo
582 1857 619 1917 ad
639 1857 713 1919 vitia
726 1874 893 1934 propensus
912 1876 948 1916 ea
963 1856 1150 1933 exstirpavit,
1168 1857 1247 1917 hunc
1261 1857 1400 1918 laudibus

226 1946 346 2022 extulit,
365 1947 456 2021 atque
475 1947 578 2006 eadem
598 1947 714 2006 ratione
728 1946 864 2006 homines
879 1945 992 2006 debiles
1007 1946 1060 2006 sed
1074 1964 1162 2006 sanos
1177 1946 1319 2024 diligenti
1333 1965 1400 2008 cure

224 2035 321 2094 factos
340 2035 513 2111 anteposuit
531 2035 569 2094 iis
587 2036 639 2111 qui
657 2054 674 2096 e
692 2039 801 2095 natura
819 2035 950 2112 corporis
968 2034 1139 2096 valetudine
1153 2036 1232 2095 bona
1246 2036 1399 2096 fruuntur:

225 2123 279 2183 hos
299 2125 378 2183 enim
397 2127 432 2184 ut
449 2126 543 2185 bonos
562 2123 634 2184 deos
651 2143 712 2184 non
730 2125 895 2184 laudandos
920 2125 971 2185 sed
994 2126 1099 2185 beatos
1121 2142 1188 2184 csse
1206 2127 1398 2201 appellandos

226 2205 386 2292 (frg.129,
407 2206 567 2295 39-49);
588 2216 690 2273 tamen
708 2232 747 2274 ne
766 2215 917 2290 sapientes
935 2213 1055 2290 quidem
1073 2215 1205 2273 natura
1224 2232 1290 2274 esse
1310 2217 1398 2276 bonos

226 2320 351 2378 usquam
369 2300 481 2362 diserte
500 2302 586 2362 dixit:
605 2302 696 2362 immo
714 2303 800 2363 abeo
818 2303 937 2364 videtur
951 2303 1114 2378 sumpsisse
1127 2302 1310 2365 Posidonius
1325 2304 1397 2380 quod

226 2390 263 2450 de
282 2392 348 2451 arte
367 2394 398 2451 et
416 2391 627 2452 exercitatione
642 2392 737 2452 tradit
751 2391 863 2453 Seneca
878 2385 938 2471 (ep.
956 2394 1006 2464 90,
1021 2393 1064 2451 44
1073 2409 1126 2468 sq,
1145 2391 1181 2450 cf.
1197 2384 1397 2453 zener1111⁵

225 2501 253 2556 p.
270 2473 358 2559 269).
388 2480 538 2541 contraria
556 2481 707 2541 sententia
729 2482 841 2560 legitur
863 2481 942 2557 apud
961 2481 1112 2540 Plutarch.
1131 2499 1209 2556 pers.
1228 2480 1266 2541 de
1284 2482 1337 2541 lib.
1358 2483 1397 2542 erl

226 2588 249 2629 c.
270 2573 288 2630 9
308 2590 336 2646 p.
354 2568 411 2630 rA
434 2563 578 2644 καθάπερ
602 2567 637 2630 δὲ
660 2565 698 2630 τὸ
723 2569 811 2645 ςῶμα
834 2566 873 2631 οὐ
896 2564 997 2645 μόνον
1016 2564 1156 2642 ὑγιεινὸν
1175 2563 1260 2630 ἀλλὰ
1278 2567 1332 2631 καὶ
1350 2567 1396 2631 εὐ-

227 2654 349 2719 εκτικὸν
370 2653 450 2720 εἶναι
470 2656 538 2735 χρή,
558 2655 685 2720 καὶτὸν
705 2654 806 2733 λόγον
825 2655 976 2720 ώεαύτωι
995 2654 1054 2719 οὐκ
1068 2651 1187 2719 ἅναιον
1202 2652 1304 2733 μόνον
1319 2655 1398 2720 ἀλλὰ

226 2743 277 2808 καὶ
296 2743 457 2822 εὔρωετον
477 2743 558 2808 εἶναι
577 2749 635 2811 δεῖ.
667 2745 705 2810 τὸ
725 2745 783 2824 μὲν
801 2745 862 2824 γὰρ
881 2742 1023 2825 tepuit<
1042 2743 1218 2808 ἐπαινεῖται
1234 2743 1346 2826 μόνον,
1365 2745 1397 2809 τὸ

226 2833 262 2907 δὲ
282 2832 484 2897 ἐπικίνδυνον
502 2834 559 2897 Ικαὶ
577 2833 777 2913 θαυμάζεται.
814 2837 999 2914 Chrysippus
1023 2837 1143 2897 laudem
1165 2836 1196 2895 in
1215 2837 1285 2916 hoc,
1311 2839 1399 2898 admi·

227 2927 375 2986 rationem
393 2927 425 2985 in
442 2926 518 2986 illud
537 2927 701 2989 transtulit

315 3015 473 3076 Neminem
495 3016 576 3094 fugit
597 3036 634 3076 ne
660 3017 716 3076 hac
735 3015 855 3092 quidem
873 3015 905 3074 in
922 3033 955 3074 re
974 3015 1049 3074 satis
1068 3014 1194 3074 liberam
1213 3033 1279 3075 esse
1298 3017 1399 3076 volun-

226 3108 321 3165 tatem
343 3106 498 3165 hominum
521 3106 560 3166 ab
583 3106 636 3167 illo
656 3103 911 3180 circumscriptam
929 3106 960 3164 et
978 3107 1080 3164 tamen
1097 3121 1220 3180 prorsus
1240 3105 1402 3166 abhorrere

227 3214 245 3256 a
264 3197 381 3257 Zenone
398 3196 487 3255 huius
507 3194 703 3272 disciplinam.

321 3447 344 3494 3.
376 3436 509 3493 Antiochi
528 3437 558 3492 et
576 3434 727 3490 Alexandri
747 3434 781 3488 de
800 3435 860 3490 lato
879 3435 908 3488 et
926 3433 1015 3490 libero
1034 3433 1150 3490 arbitrio
1169 3433 1306 3490 doctrina.

318 3554 492 3614 Ceterarum
516 3551 649 3611 omnium
672 3551 842 3612 scholarum
866 3550 1037 3626 philosophi
1055 3569 1073 3610 a
1092 3548 1259 3626 Chrysippo
1278 3551 1404 3629 eiusque

227 3643 381 3720 discipulis
401 3661 436 3703 ea
454 3641 485 3700 in
504 3661 537 3701 re
556 3641 745 3718 dissentiunt,
764 3639 843 3716 quod
862 3658 965 3700 casum
984 3640 1178 3700 introducunt
1196 3642 1227 3699 et
1240 3638 1403 3719 fortunam,

228 3754 319 3813 quam
336 3733 388 3792 ille
406 3750 527 3791 causam
544 3749 609 3791 esse
623 3731 791 3807 protulerat
808 3729 921 3790 rationi
935 3729 1083 3789 humanae
1101 3729 1325 3805 imperceptam,
1351 3730 1404 3791 sci·

227 3826 299 3885 licet
317 3824 437 3883 secutus
453 3820 649 3882 Heraclitum.
676 3819 815 3896 Epicurei
832 3819 984 3878 fortunam
1003 3818 1207 3895 agnoscebant
1225 3820 1257 3877 et
1274 3817 1403 3880 liberam

227 3912 423 3985 voluntatem,
442 3908 611 3969 Academici
631 3912 661 3969 et
680 3908 871 3985 Peripatetici
892 3910 1047 3984 praeterea
1065 3906 1244 3984 quibusdam
1262 3907 1294 3966 in
1313 3909 1404 3969 rebus

229 4004 320 4065 etiam
347 4000 458 4074 fatum,
487 4017 667 4074 quamquam
698 3998 729 4057 id
756 3998 855 4075 ipsum
877 4000 1041 4075 negaverat
1069 3994 1237 4055 Carneades
1265 3989 1343 4077 (Cic.
1368 3999 1404 4058 de

228 4094 291 4153 fato
313 4093 363 4164 14,
378 4081 444 4170 31).
481 4090 572 4164 atque
595 4088 686 4148 etiam
710 4087 875 4147 Antiochus
898 4105 958 4146 non
980 4086 1077 4145 fatum
1100 4084 1220 4145 ridetur
1242 4085 1403 4148 retinuisse

231 4183 283 4243 sed
301 4199 410 4240 nexum
429 4195 600 4255 causarum,
626 4179 656 4237 et
676 4196 714 4238 ne
733 4195 891 4236 causarum
911 4175 1031 4251 quidem
1049 4175 1127 4234 ullas
1146 4174 1204 4233 nisi
1221 4176 1402 4237 naturaliter

230 4274 261 4332 et
279 4267 446 4329 necessario
461 4267 623 4327 efficientes
639 4257 725 4348 (ibid.
741 4269 791 4340 14,
807 4267 848 4326 33
861 4261 927 4344 sq.).
955 4264 1034 4324 idem
1050 4264 1174 4324 sustulit
1188 4262 1401 4325 divinationem

229 4366 382 4435 tamquam
403 4377 421 4417 a
438 4357 561 4417 fortuna
579 4357 709 4416 alienam
724 4349 807 4435 (ibid.
823 4357 852 4427 3,
868 4349 911 4435 6).
940 4353 1108 4413 Alexander
1122 4371 1181 4412 non
1198 4351 1319 4412 dubitat
1332 4355 1401 4430 quin

229 4452 270 4512 sit
283 4450 388 4509 fetum
399 4439 477 4529 (cap.
493 4451 511 4507 2
526 4440 606 4528 init.)
622 4449 652 4506 et
666 4445 810 4507 diuinatio
830 4435 869 4526 (c.
884 4445 926 4504 30
941 4463 967 4503 a.
977 4440 1025 4525 α),
1044 4446 1075 4503 et
1092 4445 1194 4502 tamen
1207 4461 1243 4502 ex
1257 4461 1401 4504 consensu
