2856 4852
573 252 753 326 curysppea
1181 255 1245 333 aar

66 421 115 482 hie
138 421 177 481 de
202 421 293 482 rebus
316 420 381 482 fieri
403 439 471 481 raro
494 441 663 499 possumus.
704 421 819 483 accedit
842 422 920 501 quod
944 441 1032 500 saepe
1061 421 1247 502 Chrysippea

67 530 166 588 neque
186 529 205 571 a
223 513 423 573 vetustiorum
441 530 537 591 neque
561 531 580 571 a
604 511 804 579 recentiorum
827 512 931 573 edictis
956 512 1084 574 discerni
1106 518 1246 589 possunt:

65 599 216 677 imprimis
235 600 273 663 de
292 600 402 661 mundo
418 600 542 678 eiusque
560 600 789 678 gubernatione,
808 601 844 661 de
858 601 1048 679 providentia
1062 601 1184 679 fatoque
1202 603 1247 663 ita

66 687 240 749 Stoicorum
257 690 401 768 portione,
420 690 447 749 si
464 709 575 767 paucos
595 689 720 768 excipis,
739 692 899 765 consent't,
923 692 958 749 ut
980 690 1131 766 propriam
1152 690 1246 769 Chry-

67 778 147 855 eippi
170 778 338 839 doctrinam
362 778 530 840 discernere
554 779 667 839 frustra
691 781 852 839 conaturus
876 780 926 840 sis.
969 781 1104 855 exempla
1129 779 1245 841 docent.

69 866 148 927 Zeno
168 867 319 928 censuisse
337 867 447 928 dicitur
466 871 504 930 ab
523 868 673 930 Aristocle
691 869 890 944 Peripatetico
909 859 1033 949 (Eneeb.
1047 868 1098 927 PD
1117 867 1173 929 XV
1189 863 1244 953 14)

68 957 187 1017 easdem
219 975 285 1017 esse
308 952 500 1033 εἱμαρμένην
522 953 574 1018 καὶ
597 954 769 1034 ἐπιετήμην
796 953 847 1017 καὶ
875 951 1027 1033 ἀλήθειαν
1056 953 1107 1019 καὶ
1134 951 1244 1035 νόμον.

68 1043 258 1124 Chrysippus
281 1046 337 1106 fati
359 1044 508 1106 rationem
533 1048 692 1108 raritatem
721 1066 841 1107 causam
867 1049 1007 1107 naturam
1034 1047 1245 1110 necessitatem

65 1135 237 1208 promiscue
257 1135 333 1194 dixit
350 1126 424 1217 (frg.
444 1127 502 1218 49)
522 1138 553 1196 et
570 1137 602 1195 in
620 1135 706 1195 libris
726 1136 762 1196 de
780 1136 844 1197 fato
864 1139 896 1197 et
914 1135 1019 1195 dubito
1039 1155 1077 1196 an
1096 1135 1189 1195 etiam
1207 1139 1244 1198 de

65 1223 269 1301 providentia3
292 1226 372 1283 certa
396 1214 547 1305 (Phaedro
571 1225 698 1284 fortasse
722 1227 856 1302 auctore,
882 1224 919 1286 cf.
938 1224 1021 1285 Diels
1039 1224 1172 1305 Doxogr.
1193 1225 1244 1289 Gr.

65 1329 95 1389 p.
118 1314 192 1372 127.
212 1314 306 1372 saca
325 1315 367 1372 20
387 1331 454 1372 cum
473 1305 554 1394 adn.)
574 1313 606 1372 in
623 1313 719 1390 primo
744 1310 817 1388 περὶ
843 1312 928 1375 θεῶν
946 1314 1023 1373 libro
1043 1314 1182 1388 similiter
1199 1316 1243 1375 fa-

65 1401 160 1460 talem
178 1402 389 1461 necessitatem
409 1403 680 1479 sempiternamque
698 1422 799 1462 rerum
823 1403 994 1462 futurarum
1013 1403 1171 1463 veritatem
1191 1424 1243 1482 ap-

65 1489 192 1565 pellarit
210 1491 307 1549 fatum
325 1491 373 1551 vel
391 1489 494 1550 Iovem
517 1482 588 1573 (frg.
610 1484 675 1572 10).
712 1491 792 1551 idem
811 1489 913 1553 Cicero
932 1491 969 1551 de
988 1490 1046 1553 div.
1065 1490 1080 1550 I
1101 1493 1156 1570 55,
1178 1497 1239 1554 125

64 1577 268 1653 Posidonium,
288 1579 313 1638 si
332 1579 508 1640 Schicheum
527 1580 628 1656 audie,
650 1582 770 1640 secutus
794 1579 900 1640 tradit:
925 1575 1096 1655 εἱμαρμένη
1121 1574 1183 1644 ‘est
1207 1604 1242 1644 ex

66 1667 146 1727 omni
165 1668 346 1728 aetemitata
370 1670 464 1728 fluens
487 1670 600 1730 veritae
624 1663 822 1746 sempiterna'
828 1693 835 1746 3
859 1673 949 1746 atque
969 1671 1059 1746 plura
1077 1671 1165 1733 huiue
1184 1673 1241 1734 looi

65 1756 110 1815 ita
127 1757 167 1816 ad
185 1756 348 1834 Chrysippi
372 1759 512 1818 accedere
529 1759 670 1820 videntur
688 1759 866 1832 doctrinam,
890 1762 924 1818 ut
947 1763 1046 1820 totum
1064 1759 1143 1820 inter
1161 1761 1241 1839 frag·

66 1848 167 1906 menta
181 1838 220 1928 (s.
235 1867 264 1908 n.
279 1838 337 1928 43)
351 1848 522 1923 receperim.
550 1848 610 1907 iam
626 1850 769 1926 sequatur
787 1849 916 1907 alterum
931 1850 1109 1925 exemplum.
1137 1851 1242 1912 mundi

66 1934 254 1996 definitiones
267 1935 368 1996 Laert.
382 1937 468 2013 Diog.
484 1936 542 1996 VH
559 1939 621 1998 137
633 1956 676 2015 sq.
693 1939 779 2013 ponit
792 1936 993 2015 Posidonium,
1013 1941 1047 1997 ut
1060 1938 1125 2014 ipse
1139 1936 1160 2014 ξ
1177 1943 1239 2000 138

65 2023 231 2101 adnotavit,
250 2028 378 2084 secutus.
411 2026 530 2086 eaedem
550 2025 681 2103 praefixo
696 2023 857 2104 Chrysippi
871 2028 989 2086 nomine
1007 2027 1134 2086 tradidit
1148 2027 1240 2090 Arius

64 2111 211 2190 Didymus
230 2106 302 2193 (frg.
322 2117 362 2175 31
380 2139 422 2164 =
438 2113 543 2192 Chrys.
562 2107 703 2195 frg.18):
728 2117 830 2193 itaque
849 2115 1012 2176 Laertiana
1030 2116 1128 2176 eidem
1147 2116 1240 2197 Chry-

64 2202 149 2277 sippo
173 2203 324 2263 vindicare
342 2223 402 2265 non
420 2203 555 2266 dubitavi
575 2196 647 2285 (frg.
673 2196 727 2286 17)
751 2207 781 2264 et
806 2204 910 2265 eodem
931 2206 997 2266 iure
1021 2207 1238 2283 generaliorem

65 2290 93 2349 ei
110 2290 246 2351 tribuere
264 2293 350 2369 potui
368 2292 538 2369 opinionem
557 2293 733 2368 Stoicorum,
753 2313 843 2370 quam
860 2295 952 2354 Arius
970 2295 1029 2370 frg.
1044 2297 1085 2355 29
1106 2297 1239 2357 exhibet:

63 2382 126 2440 tres
140 2381 221 2439 enim
239 2381 309 2441 illae
323 2382 468 2458 reliquiae
483 2383 520 2442 ad
539 2402 631 2442 unum
646 2383 832 2462 eundemque
846 2383 973 2443 redeunt
985 2383 1109 2444 fontem.
1138 2388 1239 2446 tamen

62 2488 98 2528 ex
117 2469 174 2529 hoc
192 2469 361 2547 fragmento
381 2490 474 2531 unum
492 2472 614 2532 haurire
631 2474 731 2532 locum
749 2473 824 2532 satie
848 2472 956 2547 habui,
980 2472 1032 2551 qui
1049 2475 1129 2533 unde
1147 2475 1239 2534 deflu-

61 2558 141 2619 xerit
158 2558 191 2618 in
209 2559 322 2619 Laertii
341 2564 372 2620 et
390 2560 513 2638 Didymi
531 2562 645 2622 rivulos
662 2563 715 2621 ille
738 2562 803 2638 ipse
823 2564 954 2623 testatur
973 2553 1045 2644 (frg.
1067 2553 1110 2642 7).
1147 2564 1238 2623 aliam

61 2646 98 2707 de
117 2649 230 2708 mundo
249 2649 417 2709 doctrinam
440 2650 566 2710 tradidit
584 2650 746 2727 Antipater
770 2644 820 2729 (D.
839 2650 873 2710 L.
893 2649 953 2709 VII
974 2641 1052 2731 139)
1075 2647 1133 2711 τὸν
1156 2646 1238 2714 ὅλον

60 2731 180 2810 κόεμον
204 2737 290 2818 Ζῷον
308 2732 388 2798 ὄντα
407 2735 459 2799 καὶ
476 2733 624 2815 ἔμψυχον
647 2736 699 2799 καὶ
718 2734 862 2814 λογικόν,
884 2738 915 2798 id
934 2739 1014 2816 quod
1033 2758 1052 2798 a
1069 2738 1237 2819 Chrysippo

59 2843 225 2903 usurpasse
248 2845 316 2886 eum
339 2828 516 2904 affirmabis,
541 2830 566 2889 ei
584 2828 673 2888 huius
692 2830 750 2906 frg.
771 2831 788 2888 9
814 2832 845 2888 et
869 2832 911 2890 10
933 2829 1051 2907 legeris.
1087 2829 1147 2889 iam
1165 2850 1237 2892 vero

58 2916 135 2975 haec
153 2915 270 2975 confer:
824 2946 843 2979 ο

59 3010 122 3072 Cic.
136 3013 164 3072 d.
182 3014 209 3072 d.
223 3012 363 3088 n.1117‚
378 3015 420 3074 45
431 3032 475 3091 sq.
490 3016 543 3075 eed
557 3034 625 3077 cnm

59 3101 156 3161 talem
183 3120 250 3162 esee
277 3103 366 3162 deum
393 3106 476 3163 certa
502 3105 623 3165 notione

58 3190 154 3249 animi
177 3191 415 3269 praesentiamue
439 3192 567 3269 primum
590 3197 633 3254 ut·

58 3280 100 3339 eit
113 3279 252 3341 animane
266 3281 372 3341 deinde
384 3284 419 3341 nt
432 3282 463 3340 in
478 3282 558 3342 omni
571 3302 622 3343 na·
676 3280 713 3342 D.
726 3281 760 3342 L.
774 3280 832 3339 VII
848 3283 929 3342 143.
941 3326 947 3340 .
959 3281 1045 3361 Ζῷον
1061 3278 1118 3356 μὲν
1132 3278 1236 3344 οὕτω(

57 3371 130 3429 tura
153 3370 230 3430 nihil
254 3389 289 3431 eo
312 3370 353 3431 sit
374 3372 623 3447 praestantius..
676 3364 757 3430 ὄντα
770 3365 881 3430 occas
895 3365 1042 3446 ἔμψυχον
1057 3367 1235 3449 αἰσθητικήν

57 3458 139 3518 hunc
161 3457 261 3535 ipsum
288 3460 433 3519 mundum
460 3479 519 3537 quo
547 3460 622 3520 nihil
676 3451 748 3540 (τὸν
771 3452 917 3540 κόεμον)
936 3456 974 3521 τὸ
993 3455 1054 3535 γὰρ
1073 3461 1158 3540 ζῷον
1176 3462 1235 3523 τοῦ

57 3548 253 3608 excellentius
275 3547 341 3608 fieri
363 3550 465 3624 potest
489 3549 621 3610 animan-
675 3544 715 3623 μὴ
730 3544 816 3627 ῑῴου
831 3548 992 3623 κρεῖττον·
1012 3544 1110 3609 οὐδὲν
1124 3547 1160 3610 δὲ
1175 3551 1234 3612 τοῦ

57 3639 121 3697 tem
146 3654 214 3696 esse
242 3640 273 3697 et
300 3638 388 3697 deum
417 3630 566 3718 (iudico).
586 3684 620 3699 ..
674 3631 790 3711 κόεμου
821 3637 980 3712 κρεῖττον·
1011 3638 1096 3718 ζῷον
1116 3632 1187 3715 Ιἄρα
1214 3635 1234 3701 ὁ

57 3726 170 3785 mundo
190 3728 292 3786 antem
312 3730 393 3786 certe
407 3727 482 3786 nihil
496 3731 543 3786 eet
560 3747 620 3788 me·
673 3719 797 3801 κόεμοε.
975 3802 979 3810 ¹

57 3815 130 3874 line:
150 3833 206 3875 nec
223 3814 349 3874 dubium
368 3815 440 3893 quin
459 3816 537 3892 quod
556 3817 618 3876 ani·
673 3833 766 3892 supra
791 3818 853 3876 142
881 3810 931 3876 ὅτι
959 3813 994 3876 δὲ
1022 3813 1074 3876 καὶ
1101 3817 1187 3897 ζῷον
1214 3813 1234 3879 ὁ

57 3923 143 3964 mans
173 3903 214 3964 sit
242 3905 411 3982 habeatque
440 3923 561 3965 sensum
590 3909 620 3965 et
673 3898 788 3980 κόεμο(
807 3901 859 3965 καὶ
873 3900 1004 3978 λογικὸν
1018 3902 1069 3966 καὶ
1086 3901 1233 3982 ἔμψυχον

58 3993 206 4055 rationem
222 3997 253 4052 et
264 3996 404 4069 mentem,
418 3993 449 4053 id
464 3995 503 4053 sit
513 3994 619 4054 melius
673 3989 725 4052 καὶ
734 3989 859 4068 νοερόν,
874 3991 925 4055 καὶ
941 3990 1122 4069 Χρύειππόε
1137 4012 1233 4072 φηειν

58 4102 147 4162 quam
160 4081 193 4142 id
208 4082 288 4160 quod
301 4083 349 4144 his
363 4086 472 4143 careat.
500 4084 543 4143 ita
558 4083 619 4144 effi-
673 4078 709 4143 ἐν
728 4079 750 4141 d
768 4079 840 4157 περὶ
858 4078 1014 4158 προνοίας
1036 4076 1107 4163 (frg.
1128 4076 1163 4165 9)
1182 4081 1233 4144 καὶ

57 4172 134 4232 citur
165 4171 349 4232 animantem
378 4191 483 4233 sensus
510 4174 619 4232 mentis
672 4162 919 4247 Ἀπολλόδωρός
937 4188 1033 4247 φηειν
1047 4218 1053 4232 .
1069 4218 1075 4233 .
1091 4169 1142 4232 καὶ
1164 4170 1232 4234 Πο-

57 4261 182 4323 rationis
201 4261 347 4320 mundum
364 4279 429 4322 esee
443 4264 619 4338 compotem.
673 4255 845 4323 certrlrvtoc.

57 4360 108 4421 illa
127 4377 208 4438 quae
224 4356 327 4417 Cicero
346 4356 442 4417 tradit
460 4376 477 4416 a
492 4357 607 4417 Zenone
626 4359 789 4434 repetenda
801 4377 867 4418 esse
881 4360 913 4418 et
931 4359 996 4435 ipse
1011 4361 1100 4418 antea
1115 4351 1160 4440 (8,
1176 4351 1233 4440 91)

57 4447 203 4512 indicarit
232 4449 412 4522 strenueque
440 4445 612 4507 Wellmann
638 4447 855 4507 demonstrarit
885 4467 921 4506 er
944 4447 1062 4508 Alexini
1091 4448 1232 4527 Megarici
