2856 4852
443 1050 853 1127 FRAGMENTA

492 1355 582 1419 ΠΕΡΙ
605 1355 809 1420 ΠΡΟΝΟΙΑ(

581 1493 692 1549 LIBER
708 1493 722 1546 I

17 1605 38 1667 1
145 1611 229 1672 Plut.
258 1612 296 1671 de
322 1630 384 1688 rep.
417 1611 506 1672 Stoic.
536 1613 576 1671 38
610 1632 638 1688 p.
670 1610 805 1670 1051Ε;
833 1604 923 1683 Πρός
957 1604 1016 1669 τόν
1049 1603 1235 1685 Ἐπίκουρον

57 1695 195 1777 μάλιςτα
215 1695 349 1777 μάχεται
364 1693 576 1783 (Χρύςιππος)
591 1697 642 1760 καὶ
660 1696 742 1774 πρὸς
760 1695 836 1759 τοὺς
855 1693 1065 1774 ἀναιροῦντας
1079 1697 1137 1775 τὴν
1156 1694 1234 1774 πρό-

57 1807 154 1852 νοιαν
187 1786 317 1851 ἐκτῶν
348 1786 499 1866 ἐννοιῶν,
525 1784 564 1849 ἃς
591 1783 708 1864 ἔχομεν
731 1785 804 1863 περὶ
831 1787 916 1849 θεῶν
940 1783 1157 1863 εὐεργετικοὺς
1185 1786 1235 1849 καλ

59 1874 316 1956 φιλανθρώπους
337 1874 553 1940 ἐπινοοῦντες.

24 2034 49 2096 2
151 2035 200 2101 Οὐ
218 2036 279 2115 γὰρ
298 2034 461 2103 ἀθάνατον
474 2037 526 2101 καί
544 2033 698 2116 μακάριον
718 2033 818 2113 μόνον
837 2030 985 2098 ἀλλὰκαὶ
1003 2033 1236 2114 φιλάνθρωπον

59 2125 345 2281 ξιὲιένκηδεμονικόν
372 2126 423 2190 καὶ
451 2124 618 2205 ιύφέλιμον
640 2122 918 2204 προλαμβάνεςθαι
942 2124 992 2187 καὶ
1014 2128 1155 2189 νοεῖςθαι
1177 2125 1236 2190 τόν

133 2316 171 2371 id.
191 2317 227 2373 de
245 2333 344 2372 comm.
363 2319 420 2372 not
440 2334 463 2372 c.
483 2323 517 2372 32
540 2336 567 2386 p.
589 2317 689 2372 1075ss
709 2317 807 2371 contra
825 2314 974 2386 Epicurum
998 2315 1086 2371 Stoici
1109 2317 1237 2386 pugnant

59 2394 185 2456 βοῶντες
203 2390 242 2444 ώς
259 2390 411 2456 ςυγχέοντα
424 2392 477 2456 τὴν
490 2394 550 2443 τῶν
564 2393 638 2444 θεῶν
650 2389 791 2457 πρόληψιν
813 2388 1014 2455 ἀναιρουμένης
1027 2393 1078 2455 τῆς
1090 2388 1235 2456 προνοίας·

61 2462 108 2515 ὀὐ
127 2462 182 2529 γάρ
197 2491 232 2501 -
246 2460 330 2515 θεόν’
361 2461 395 2515 of.
410 2459 484 2515 infra
496 2461 524 2514 τί
537 2466 660 2514 ποιοθςιν
675 2461 702 2514 ot
722 2460 863 2528 *προνοεῖν
882 2461 932 2525 μέν
949 2461 1017 2513 τοὺς
1039 2462 1120 2514 θεοὺς
1137 2459 1234 2528 ἡμῶν’

58 2534 213 2598 λέγοντες.
229 2574 235 2586 .
251 2573 257 2586 .
273 2531 391 2600 *ἀρετὴν
415 2533 464 2598 μέν
483 2535 520 2599 μή
540 2533 668 2586 διδόντας
685 2535 808 2586 πλοθτον
831 2532 861 2585 δέ
885 2533 929 2584 καί
952 2532 1049 2596 ὑγείαν
1068 2533 1112 2585 καί
1130 2533 1237 2585 τέκνων

58 2605 179 2671 γενέτεις
196 2605 241 2657 καί
258 2603 294 2658 τό
311 2608 429 2659 τοιαῦτα
447 2604 613 2672 (ἀδιάφορα)
637 2603 786 2657 διδόντας’.
819 2602 944 2656 ceterum
963 2601 997 2657 ci.
1012 2601 1060 2656 Ar.
1076 2602 1138 2658 Did.
1154 2602 1187 2656 fr.
1202 2608 1236 2657 29

59 2692 88 2746 p.
102 2681 170 2744 464,
190 2681 224 2731 26
235 2674 268 2729 D.
287 2676 318 2731 et
334 2673 484 2745 Antipater
503 2672 587 2745 (Plut.
608 2673 642 2728 de
660 2690 718 2745 rep.
738 2673 823 2728 Stoic.
843 2689 904 2743 cap.
924 2675 979 2742 38).

29 2818 50 2881 3
150 2825 224 2887 ibid.
256 2845 279 2886 c.
307 2827 348 2887 31
386 2847 414 2904 p.
450 2827 535 2886 1075
550 2825 592 2884 A:
635 2818 733 2885 Ἀλλά
770 2819 952 2898 Χρύςιππος
983 2819 1035 2883 καὶ
1077 2819 1236 2899 Κλεάνθης

60 2909 303 2992 ἐμπεπληκότες
329 2909 375 2974 ὡς
402 2910 482 2975 ἔπος
509 2910 612 2975 εἰπεῖν
639 2914 685 2994 τῷ
714 2908 803 2992 λόγῳ
828 2912 913 2974 θεῶν
933 2910 991 2973 τόν
1014 2908 1155 2987 οὐρανὸν
1178 2912 1237 2988 τὴν

58 3006 122 3080 γῆν
140 3001 201 3065 τόν
219 2996 299 3079 ἀέρα
316 3001 375 3079 τὴν
394 2998 555 3066 θάλατταν
574 2998 693 3063 οὐδένα
711 3002 777 3063 τῶν
796 2998 958 3063 τοςούτυιν
977 2994 1145 3076 ἄφθαρτον
1159 2998 1236 3063 οὐδὲ

59 3089 167 3155 ἀίδιον
190 3086 421 3155 ἀπολελοίπαςι
444 3089 529 3167 πλὴν
557 3086 659 3167 μόνου
688 3091 747 3152 τοὺ
768 3085 862 3163 Διός,
886 3086 931 3151 εἰς
953 3087 992 3150 ὃν
1016 3085 1138 3151 πάντας
1163 3107 1235 3151 κατ-

59 3179 263 3245 αναλίςκουςι
285 3179 361 3242 τοὺς
384 3175 512 3242 ἄλλους.
528 3229 557 3241 ..
600 3175 685 3242 ἀλλὰ
707 3176 799 3241 αὐτοὶ
822 3176 903 3254 μέγα
933 3178 1072 3255 βοῶντες
1100 3178 1136 3240 ἐν
1168 3180 1263 3242 ccicc

60 3269 135 3348 περὶ
153 3270 240 3333 θεῶν
260 3268 311 3332 καὶ
334 3265 521 3346 προνοίας
545 3266 774 3345 εἱμαρμένης
797 3285 837 3329 τε
861 3265 913 3328 καί
931 3264 1059 3344 φύςεως
1081 3264 1236 3343 γράμμαςι

60 3358 237 3437 διαρρήδην
259 3358 386 3433 λέγουςι
409 3354 502 3419 ίτοὺς
526 3352 646 3418 ἄλλους
669 3356 764 3420 θεοὺς
787 3354 932 3418 ἅπαντας
956 3352 1038 3417 εἶναι
1060 3353 1237 3430 γεγονότας

60 3448 111 3511 καὶ
144 3443 434 3526 φθαρηςομένους’,
469 3443 533 3508 ὑπὸ
565 3444 667 3523 πυρὸς
703 3444 837 3521 τηκτοὺς
873 3440 944 3507 κατ’
977 3441 1094 3506 αὐτοὺς
1131 3441 1236 3520 ὥςπερ

60 3535 212 3615 κηρίνους
237 3537 257 3615 ἢ
280 3533 513 3613 καττιτερίνους
543 3530 715 3598 ὄντας...
744 3530 779 3596 εό
808 3531 882 3597 θεός
913 3535 999 3616 Ζῷον
1027 3530 1157 3606 λογικόν
1186 3532 1237 3594 καὶ

60 3624 210 3705 φθαρτόν
239 3622 343 3690 ἐςτιν.’
358 3674 365 3688 .
380 3673 410 3688 ..
430 3622 564 3702 εθνητόν
592 3620 673 3688 είναι
700 3621 758 3686 τόν
786 3619 959 3699 ἄνθρωπον
987 3619 1027 3682 οὐ
1054 3620 1172 3698 θνητόν
1199 3619 1236 3683 δέ
1252 3646 1278 3684 ιο

60 3715 118 3779 τόν
143 3714 220 3780 θεόν
243 3711 327 3778 ἀλλὰ
349 3709 516 3793 φθαρτόν.’

149 3808 190 3866 id.
214 3806 252 3867 de
274 3805 365 3868 Stoic
387 3825 450 3882 rep.
470 3807 511 3866 38
536 3800 656 3866 οὐδένα
688 3793 901 3885 (Χρύςιππος)
934 3795 1034 3861 οἴεται
1064 3798 1149 3874 πλὴν
1179 3800 1237 3860 τοθ

60 3892 141 3957 Διός
170 3890 343 3971 ἄφθαρτον
375 3889 457 3955 εἶναι
484 3893 550 3955 τῶν
578 3893 663 3955 θεῶν
691 3888 774 3953 ἀλλὰ
802 3886 924 3952 πάντας
952 3885 1081 3964 ὁμαλῶς
1106 3886 1157 3949 καί
1184 3905 1236 3962 γε-

61 3980 201 4058 γονότας
223 3981 276 4045 καί
299 3980 575 4059 φθαρηςομένους·
598 3983 699 4043 ταὺτα
722 3979 757 4042 δέ
781 3978 949 4054 πανταχοῦ
967 3974 1013 4038 ὡς
1032 3973 1110 4038 ἔπος
1134 3974 1236 4039 εἰπεῖν

61 4068 114 4134 ὐπ’
136 4070 239 4135 αὐτοῦ
263 4070 398 4145 λέγεται.
437 4074 573 4149 sequitur
591 4071 794 4148 fragmentum
812 4070 831 4128 l.
850 4069 897 4128 ΠΙ
916 4065 988 4142 περὶ
1011 4066 1103 4128 θεῶν.
1251 4091 1277 4131 ιι

130 4172 166 4228 de
186 4172 241 4227 diie
259 4169 392 4240 perituris
411 4170 446 4224 oi.
462 4170 537 4240 Orig.
552 4169 651 4224 contra
665 4167 776 4223 Celsum
791 4166 831 4220 111
850 4172 893 4222 to.
946 4172 962 4219 6
980 4183 1050 4221 unus
1064 4165 1237 4234 Chrysippus

61 4242 145 4300 libros
168 4244 205 4300 de
230 4241 422 4313 providentie,
446 4242 480 4296 de
498 4242 572 4309 feto,
596 4240 631 4295 de
654 4258 746 4294 rerum
768 4241 871 4293 natura
893 4238 1019 4293 condidit
1088 4242 1104 4291 8
1129 4242 1237 4306 φθαρη-

62 4318 190 4381 ςομένους
212 4315 270 4369 ὺπό
292 4314 392 4382 πυρός,
411 4316 532 4380 τηκτοὺς
549 4314 610 4368 κατ’
633 4313 737 4366 αὐτοὺς
759 4307 926 4378 (conflatiles
947 4309 1078 4378 opinione
1100 4309 1236 4378 ipsorum)

62 4388 154 4457 volgo·
181 4384 291 4443 correxi
314 4383 577 4454 interpunctionem.
651 4389 684 4437 13
703 4384 771 4436 Διὸς
789 4398 819 4436 ιι·
838 4382 926 4449 πυρός
